3084 4838
858 322 881 391 tt

297 530 426 593 bumana
466 536 613 609 potestate
649 529 772 613 infringi
807 537 857 591 aut
884 530 998 591 destrui
1028 547 1127 610 posse.
1171 530 1270 602 Quum
1298 528 1444 594 Hermin-

297 634 393 698 trudis
421 635 528 716 regina
557 636 587 695 in
616 652 707 698 causa
730 633 865 697 Rotbadii
893 634 1071 714 obsequium
1099 635 1137 696 ab
1161 637 1226 715 ipso
1253 635 1293 695 ita
1316 631 1444 695 efficere

299 746 405 804 conata
437 747 530 819 esset,
566 748 598 801 ut
631 740 667 813 iis
697 738 775 801 haud
803 757 927 818 parvum
957 757 974 799 a
1002 756 1081 819 rege
1109 748 1305 821 augmentum
1331 756 1445 801 acces*

299 862 404 910 surum
427 862 499 908 esse
521 846 670 921 innueret,
694 843 744 904 ille
766 843 825 904 tale
842 843 912 924 quid
928 842 1081 904 declinans
1096 845 1267 923 respondit:
1285 844 1311 920 ¹)
1335 845 1446 924 ‚,Quod

300 951 472 1033 scripsistis,
508 949 576 1031 quia
598 948 625 1011 si
647 947 843 1011 exaudiamus
866 949 957 1011 filium
980 954 1115 1010 nostrum
1139 953 1198 1021 (sc.
1223 950 1322 1012 Carol.
1345 955 1445 1032 reg.),

277 1076 361 1129 ‚non
396 1056 606 1119 detrimentum
639 1054 696 1118 sed
724 1061 918 1136 augmentum
948 1053 1097 1117 ecclesiae
1125 1059 1246 1115 nostrae
1275 1056 1447 1137 privilegiis

301 1170 485 1247 generetur:
513 1179 569 1224 nos
593 1161 761 1224 certissime
785 1151 946 1240 credimus,
970 1160 1040 1241 quia
1062 1159 1219 1241 privilegia
1242 1175 1266 1220 s;
1289 1159 1446 1222 Romanae

302 1270 453 1354 eeclesiae
482 1269 595 1331 nullum
623 1275 748 1349 possunt
775 1268 925 1331 sustinere
954 1267 1175 1342 detrimentum,
1206 1282 1265 1329 uec
1289 1263 1443 1344 plantatio,

302 1392 392 1457 quam
415 1374 556 1437 coelestis
579 1381 666 1454 pater
688 1381 793 1436 noster
814 1373 966 1455 plautavit,
990 1370 1138 1433 eradicari
1161 1388 1219 1431 nec
1242 1367 1445 1446 fundannum,

301 1498 381 1563 quae
409 1496 551 1543 summus
571 1480 671 1559 posuit
693 1479 884 1558 architectus,
918 1485 1030 1560 queant
1052 1475 1232 1558 quibuslibet
1254 1482 1285 1537 et
1307 1474 1447 1555 quantis-

300 1587 374 1648 libet
412 1584 673 1648 fluctuationibus.
694 1585 863 1649 amoveri.“
924 1583 974 1648 Ad
1011 1582 1189 1645 Michaelem
1232 1582 1448 1661 imperatorem

302 1698 414 1770 autem,
449 1691 500 1772 qui
533 1691 691 1759 insolentia
724 1709 839 1754 summa
873 1690 924 1753 vel
957 1691 1052 1752 minas
1081 1690 1110 1749 ei
1137 1687 1326 1764 obtenderet,
1362 1687 1449 1768 quasi

302 1795 479 1878 prophetico
502 1797 609 1877 spiritu
630 1797 710 1858 inter
732 1797 789 1857 alia
811 1796 851 1856 ita
867 1794 1038 1874 replicavit:
1053 1792 1082 1867 2)
1106 1794 1279 1872 „ecclesiae
1295 1794 1448 1855 Romanae

302 1902 461 1985 privilegia
485 1902 593 1964 Christi
623 1918 678 1962 ore
701 1901 732 1961 in
759 1899 789 1961 b.
813 1900 902 1961 Petro
925 1898 1050 1977 firmata,
1085 1899 1116 1959 in
1139 1898 1270 1961 ecclesia
1292 1900 1358 1979 ipsa
1380 1897 1447 1962 dis-

302 2009 409 2089 posita,
444 2007 603 2087 antiquitus
633 2006 793 2069 observata
827 2011 858 2065 et
891 2023 909 2066 a
936 1986 1047 2068 sanctis
1074 2004 1297 2068 universalibus
1325 2004 1448 2086 synodis

303 2113 456 2181 celebrata
489 2119 580 2192 atque
608 2129 626 2173 a
656 2118 764 2174 cuncta
794 2110 925 2172 ecclesia
949 2111 1066 2193 Jugiter
1088 2118 1244 2190 venerata,
1278 2112 1447 2175 nullatenus

302 2226 428 2300 possunt
455 2217 558 2297 minui,
593 2217 762 2280 nullatenus
785 2215 918 2298 infringi,
953 2216 1121 2279 nullatenus
1145 2219 1330 2300 commutari,
1366 2236 1446 2299 quo-

304 2326 384 2385 niam
420 2323 655 2400 fundamentum,
696 2321 776 2402 quod
813 2323 896 2384 Deus
933 2323 1040 2402 posuit,
1084 2321 1230 2385 humanus
1268 2340 1329 2386 non
1366 2323 1449 2386 valet

303 2445 448 2491 amovere
486 2433 622 2505 conatus,
661 2435 692 2488 et
726 2426 806 2508 quod
839 2427 923 2490 Deus
956 2428 1066 2507 statuit,
1104 2428 1223 2491 firmum
1255 2429 1446 2510 validumque

303 2535 448 2598 consistit.
483 2533 597 2614 illeque
620 2533 805 2613 potissimum
827 2541 945 2613 peccat,
969 2533 1020 2613 qui
1035 2534 1093 2595 Dei
1108 2534 1286 2597 ordinationi
1301 2536 1446 2597 resistere

302 2644 407 2704 tentat.
453 2639 614 2720 Privilegia
647 2639 768 2719 iuquam
801 2639 887 2702 istius
920 2639 1001 2702 sedis
1035 2638 1085 2700 vel
1119 2642 1268 2704 ecclesiae
1299 2647 1446 2720 perpetua

303 2753 383 2824 sunt,
419 2743 558 2805 divinitus
592 2742 724 2804 radicata
758 2750 848 2823 atque
882 2744 1011 2824 plantata
1042 2752 1120 2823 sunt,
1155 2744 1277 2825 impingi
1308 2748 1443 2823 possunt,

302 2849 461 2914 transferri
484 2866 547 2911 non
568 2854 704 2928 possunt,
739 2848 815 2910 trahi
837 2858 964 2928 possunt
985 2850 1077 2912 evelli
1098 2868 1159 2914 non
1180 2855 1313 2930 possunt.
1360 2849 1446 2923 Quae

303 2965 373 3018 ante
401 2955 560 3034 imperium
588 2961 722 3017 vestrum
746 2953 868 3018 fuerunt
890 2964 921 3017 et
942 2964 1123 3036 permanent
1144 2958 1211 3018 Deo
1233 2955 1346 3038 gratias
1368 2954 1446 3017 hac-

303 3068 392 3123 tenus
414 3059 525 3120 illibata
558 3058 781 3140 manebuntque
811 3067 878 3140 post
905 3078 970 3140 vos,
1007 3069 1038 3124 et
1060 3079 1217 3142 quousque
1245 3061 1444 3123 Christianum

304 3183 415 3229 nomen
443 3163 648 3246 praedicatum
671 3164 773 3246 fuerit,
806 3166 855 3228 illa
878 3167 1044 3230 subsistere
1067 3185 1127 3230 non
1151 3165 1311 3228 cessabunt
1332 3165 1447 3228 immu-

303 3274 394 3337 tilata.
440 3270 499 3334 ista
526 3271 618 3354 igitur
645 3273 804 3355 privilegia
831 3273 901 3336 huic
923 3292 949 3337 s.
972 3273 1122 3336 ecciesiae
1145 3290 1162 3333 a
1185 3270 1303 3333 Christo
1327 3269 1448 3351 donata,

303 3397 321 3442 a
344 3377 466 3459 synodis
488 3394 549 3439 non
572 3377 680 3439 donata
702 3377 759 3440 sed
775 3380 838 3461 jam
861 3377 1046 3442 solummodo
1070 3377 1224 3441 celebrata
1245 3384 1276 3439 et
1290 3385 1446 3457 venerata,

219 3568 221 3574 ,
302 3503 359 3566 per
386 3499 464 3564 quae
492 3498 553 3542 non
582 3488 642 3543 tam
669 3481 765 3544 honor
795 3501 883 3563 quam
912 3502 987 3548 onus
1015 3484 1101 3547 nobis
1130 3483 1357 3561 incumbit,
1390 3499 1446 3544 nos

303 3594 417 3670 cogunt
439 3603 555 3666 nosque
579 3588 770 3668 compellunt,
794 3591 926 3653 omnium
948 3590 1063 3653 habere
1085 3587 1315 3652 Sollicitudinem
1336 3585 1446 3648 eccle-

302 3694 414 3758 siarum
442 3692 511 3755 Dei.
557 3694 666 3774 (Sequ.
695 3692 828 3759 fundatio
857 3696 1010 3759 Romanae
1039 3694 1189 3758 ecelesiae
1216 3710 1272 3774 per
1300 3692 1330 3755 b.
1361 3693 1446 3775 aplos

302 3801 423 3862 Petrum
467 3805 498 3860 et
535 3798 657 3869 Paulum
695 3807 727 3863 et
761 3802 931 3866 constitutio
968 3800 1210 3885 patriarchalium
1246 3798 1446 3863 ecclesianam

408 4040 428 4109 ¹)
446 4059 488 4112 ep.
505 4043 541 4099 49
559 4042 592 4094 ad
610 4043 780 4102 Hermintrud.
798 4047 880 4116 regin.
900 4046 928 4114 (l.
946 4064 970 4102 c.
988 4044 1062 4113 863).

404 4145 428 4214 2)
445 4165 488 4217 ep.
505 4148 541 4202 86
560 4149 588 4217 (l.
606 4164 630 4205 o.
649 4148 720 4217 948).
746 4152 866 4206 Similiter
883 4150 901 4206 l.
920 4169 943 4206 c.
962 4150 1029 4205 asor
1047 4152 1161 4222 „impelli
1180 4166 1237 4205 non
1251 4150 1337 4205 velent
1354 4150 1445 4205 huma*

300 4236 340 4287 nis
358 4237 616 4307 praesumptionibus,
635 4255 701 4308 quae
720 4240 805 4293 divino
826 4247 884 4293 sunt
897 4239 996 4306 judicio
1015 4240 1180 4295 constituta.“
