3084 4838
844 330 869 401 8

281 540 308 609 si
342 536 381 601 ad
414 544 505 619 caput
533 536 553 600 i.
583 555 612 602 e.
641 539 722 601 Petri
749 539 877 631 apostoli
904 537 1010 601 sedem
1038 537 1078 598 de
1106 536 1233 618 singulis
1261 537 1438 621 quibusque

282 642 445 725 provinciis
491 640 602 707 domiui
638 642 776 708 referant
813 643 1023 707 sacerdotes.“
1040 639 1066 716 ¹)
1120 640 1214 723 quue
1254 647 1438 708 necessario

282 748 412 831 pustulat
444 748 498 828 „in
532 750 626 813 rebus
662 751 815 828 omnibus,
855 767 934 831 quae
966 749 1096 830 aliquam
1130 754 1257 830 possunt
1288 751 1439 831 recipere

284 852 470 919 dubietatem
493 854 544 916 uel
560 873 769 937 quamcunque
785 857 946 918 incurrere
961 854 1205 936 quaestionem,“
1228 861 1292 918 tum
1311 844 1442 931 omnine,

284 963 338 1043 „in
366 960 504 1023 omnibus
532 961 695 1043 majoribus
726 962 857 1044 negotiis
886 960 1134 1023 ecclesiasticis.“
1148 956 1178 1033 ²)
1224 961 1327 1036 Quare
1356 963 1438 1026 sicut

285 1065 431 1149 ejusmodi
454 1065 617 1129 relationes
640 1073 743 1147 utpote
763 1062 899 1146 ,merite
923 1066 1041 1129 iactas“
1064 1084 1187 1146 semper
1209 1066 1347 1130 laudibus
1371 1086 1435 1130 ex-

284 1171 369 1251 tollit,
384 1168 413 1246 ⁸)
452 1173 493 1234 ita
530 1171 581 1235 ubi
615 1173 815 1253 intermissae,
855 1172 1049 1236 severissime
1082 1172 1229 1252 increpat.
1241 1168 1269 1246 ⁴)
1306 1206 1347 1218 -
1381 1173 1436 1236 Ad

286 1277 417 1343 eundem
444 1278 524 1342 hunc
551 1277 641 1341 linem
671 1281 760 1341 etiam
789 1285 883 1342 testes
911 1296 1015 1341 rerum
1043 1278 1126 1358 ipsos
1154 1274 1193 1338 ad
1220 1294 1255 1340 se
1283 1278 1432 1340 enecandi

287 1384 490 1466 plenissimam
517 1383 575 1447 sibi
601 1384 752 1447 licentiam
781 1385 897 1448 astruit.
944 1384 1025 1464 „Per
1055 1383 1252 1463 principalem
1274 1382 1434 1447 beatorum

286 1489 422 1571 apiarum
451 1489 531 1551 Petri
567 1498 598 1551 et
625 1488 708 1553 Pauli
741 1496 931 1571 potestatem,
968 1489 1007 1552 ad
1033 1488 1123 1551 Micb.
1156 1489 1293 1568 imperat.
1328 1489 1439 1552 scribit

288 1602 354 1676 (ep.
378 1592 465 1657 861.
489 1611 516 1655 c.
541 1593 634 1672 952),
664 1595 716 1676 Jus
743 1595 900 1674 habemns,
935 1613 996 1659 non
1018 1593 1116 1657 selum
1140 1594 1302 1657 monachus
1325 1613 1439 1658 verum

286 1700 377 1765 etiam
404 1698 555 1781 quoslibet
581 1699 711 1764 clericos
739 1699 777 1763 de
807 1719 985 1782 quacunque
1009 1700 1153 1778 dioecesi,
1188 1718 1279 1782 quum
1304 1717 1438 1763 necesse

288 1804 391 1884 fuerit,
415 1803 454 1865 ad
475 1822 531 1868 uns
554 1823 724 1870 convocare
747 1813 838 1889 atque
862 1806 1076 1870 ecclesiasticis
1100 1805 1292 1889 exigentibus
1316 1823 1437 1887 opper-

287 1909 460 1973 tuuitatibus
482 1910 644 1974 invitare.“
683 1953 686 1959 »
1467 1908 1476 1923 ’

393 2033 441 2094 De
475 2031 625 2094 mittendis
659 2040 761 2096 autem
793 2041 919 2116 propter
951 2034 1155 2097 universalem
1193 2032 1343 2096 ecclesiae
1380 2033 1437 2095 in-

288 2137 476 2220 spectionem
498 2136 607 2220 legatis
629 2144 662 2200 et
684 2139 818 2220 epistolis
841 2141 882 2202 ita
904 2139 1036 2203 officium
1055 2142 1086 2205 S.
1103 2140 1142 2204 A.
1165 2138 1312 2202 vindicat:
1337 2140 1441 2219 „Quia

286 2250 462 2308 cunctarum
485 2241 595 2306 Christi
624 2245 724 2307 evium
754 2263 827 2309 cura
857 2246 1101 2328 constringimur,
1121 2265 1226 2335 ,quum
1250 2245 1335 2309 vices
1359 2245 1440 2309 illins

287 2349 452 2431 egerimus,
492 2350 540 2410 cui
574 2351 746 2429 specialiter
781 2369 799 2412 a
833 2352 900 2414 Deo
934 2350 1042 2414 dicitur
1081 2369 1194 2431 „pasce
1223 2367 1298 2413 ones
1330 2350 1441 2413 mens“

289 2462 321 2516 et
347 2470 453 2516 rursus
486 2461 538 2529 „ei
566 2461 600 2515 tn
627 2454 792 2534 altercando
819 2474 991 2519 conversus
1020 2458 1169 2536 confirma
1193 2455 1314 2535 fratres
1343 2458 1440 2518 lnos“

289 2593 330 2607 -
354 2576 415 2622 nnn
436 2559 587 2640 potuimus
608 2559 799 2625 dissimulare
823 2580 885 2625 nnn
907 2563 1057 2643 potuimus
1079 2562 1249 2644 negligere,
1274 2561 1440 2641 quominus

288 2665 479 2730 visitaremus
507 2682 582 2728 eves
610 2665 762 2746 dispersas
792 2667 842 2728 vel
871 2669 1029 2748 quominus
1053 2667 1297 2731 confirmaremus
1319 2665 1351 2723 in
1373 2664 1438 2725 fide

288 2778 320 2833 et
334 2770 422 2833 bonis
438 2769 571 2833 moribus
587 2769 699 2834 [ratres
713 2781 833 2837 nostros
849 2781 880 2835 et
894 2774 1080 2857 proxim0s“
1090 2769 1116 2847 ⁵)
1140 2770 1239 2850 „Ouia
1249 2769 1436 2831 universitas

395 2993 415 3061 ¹)
438 3013 471 3050 er
494 3014 536 3065 ep.
559 2996 610 3063 cjd.
634 3001 763 3054 ennead
785 3000 835 3058 Jul.
857 3003 886 3058 P.
916 3000 1015 3070 (Gouat.
1038 2998 1056 3054 l.
1081 3015 1104 3054 e.
1127 2996 1191 3063 395,
1219 2997 1299 3053 llard.
1321 2994 1342 3052 1.
1366 2995 1442 3064 653),

287 3080 682 3154 mmmmmmml
1432 3081 1435 3085 ’

391 3167 415 3238 ²)
433 3172 467 3227 ci.
486 3189 527 3240 ep.
545 3172 580 3226 32
599 3174 631 3225 ad
649 3175 748 3231 llincm.
766 3176 794 3242 (l.
813 3194 837 3232 c.
855 3174 928 3243 821),
953 3193 994 3244 ep.
1013 3174 1049 3229 35
1067 3172 1100 3225 ad
1118 3188 1204 3240 eppos
1223 3187 1281 3238 syn.
1299 3170 1443 3227 Silvanect.

289 3258 322 3325 (l.
342 3276 364 3314 c.
383 3259 455 3328 827),
474 3279 516 3330 ep.
534 3261 570 3316 84
590 3263 621 3316 nd
639 3263 702 3318 Lud.
720 3265 751 3319 ll.
769 3265 797 3331 (l.
816 3281 840 3320 e.
858 3264 931 3331 925).
963 3262 1081 3315 Ceterum
1101 3262 1233 3328 quomodo
1252 3260 1328 3311 etism
1346 3257 1398 3311 hac
1416 3260 1445 3312 in

286 3365 317 3415 η
334 3364 386 3399 nou
404 3352 454 3403 nisi
471 3361 587 3407 veterum
605 3354 715 3421 vestigia
732 3362 840 3421 premat,
862 3353 931 3407 coni.
954 3351 1057 3404 dissert.
1073 3355 1156 3402 nostr.
1180 3348 1234 3413 „de
1251 3346 1336 3402 llicol.
1354 3345 1446 3416 leglat.

288 3436 373 3490 eccl.“
391 3454 417 3505 p.
435 3438 478 3491 21.
497 3455 535 3492 ss.

391 3520 414 3589 8)
433 3541 465 3575 cx
483 3539 521 3593 gr.
541 3526 566 3576 in
585 3541 627 3591 ep.
647 3525 662 3577 1
682 3524 715 3576 ad
726 3524 843 3582 Venilnu.
863 3526 958 3580 Senon.
977 3524 1005 3590 (l.
1024 3540 1047 3577 c.
1066 3519 1139 3586 769),
1157 3536 1201 3588 ep.
1220 3521 1258 3575 32
1276 3521 1328 3582 cib,
1347 3534 1390 3587 ap.
1402 3519 1441 3572 33
1480 3564 1485 3570 ,

289 3611 322 3665 ad
339 3612 438 3668 Hiucm.
457 3611 492 3679 (l.
504 3628 527 3664 c.
546 3611 618 3679 823),
638 3630 680 3680 ep.
698 3613 734 3667 35
752 3616 803 3678 cit,
822 3632 864 3684 ep.
881 3613 917 3669 48
936 3613 968 3665 ad
987 3610 1045 3664 Car.
1063 3607 1134 3662 Culv.
1154 3608 1182 3676 (l.
1202 3624 1226 3661 e.
1244 3605 1317 3673 862),
1342 3622 1386 3674 ep.
1407 3606 1446 3662 79

289 3700 323 3754 ad
342 3706 424 3769 eppes
444 3702 470 3752 iu
488 3716 567 3771 regn.
580 3700 638 3756 Car.
657 3701 685 3768 (l.
704 3718 728 3756 c.
747 3702 818 3769 913).

391 3786 414 3856 ⁴)
433 3807 465 3842 ex
482 3807 521 3860 gr.
540 3791 566 3841 iu
585 3807 627 3859 ep.
645 3789 681 3844 74
698 3790 726 3857 (l.
745 3807 769 3845 c.
788 3791 1041 3859 {stabilimentum
1065 3781 1133 3853 (1¹¹⁰d
1157 3780 1191 3831 de
1210 3796 1291 3834 ⁰³¹¹&
1309 3782 1447 3851 Mffldfis

284 3878 312 3931 in
335 3894 378 3946 ep.
401 3877 436 3932 80
459 3878 487 3946 (l.
506 3897 530 3934 e.
549 3878 611 3944 915)
634 3878 788 3946 archieppos
811 3882 838 3932 in
860 3889 942 3946 regno
965 3870 1084 3935 bethurii,
1112 3866 1180 3936 quod
1205 3867 1240 3923 de
1266 3867 1320 3923 hoc
1343 3875 1447 3927 monim

286 3965 349 4019 nibil
367 3965 400 4017 ad
419 3966 446 4022 S.
463 3966 495 4020 A.
513 3966 654 4021 retulerint.

391 4069 413 4138 δ)
438 4088 479 4139 ep.
502 4072 537 4126 98
565 4071 598 4123 ad
623 4069 698 4125 blicb.
719 4071 781 4137 imp.
804 4070 832 4138 (l.
855 4087 879 4124 c.
905 4060 994 4125 1019).
1030 4060 1100 4112 idem
1122 4061 1149 4111 in
1173 4074 1217 4127 ep.
1242 4062 1298 4116 104
1321 4063 1355 4114 ad
1380 4063 1448 4120 cler.
1538 4070 1539 4109 l

287 4144 1448 4237 cmpmmmnmmmmwmmmnnmmmmm

286 4247 360 4301 etium
383 4247 425 4309 bic
449 4248 565 4303 similiter
583 4245 746 4301 Geelestinus
769 4247 795 4298 in
819 4240 899 4315 ep.4
923 4233 957 4289 ⁸⁶¹
975 4245 1056 4299 ⁰Pl³⁰⁸
1075 4231 1167 4288 Vifflss·
1186 4242 1214 4286 θ)
1232 4234 1368 4296 Narbona·
1392 4238 1458 4316 (⁰¹¹⁹.
1538 4320 1539 4323 Ἴ
