3084 4838
838 308 890 384 32

286 522 415 588 ·dernam
438 518 640 586 ecclesiarum
670 535 732 600 pax
758 518 873 602 abique
896 521 1079 604 servabitur,
1108 524 1135 588 si
1163 531 1315 588 rectorem
1339 530 1441 591 sunm

290 632 441 715 agnoscat
462 626 713 690 universitas...
736 624 799 687 ilco
821 628 951 706 perenni
975 631 1135 692 sanctione
1160 631 1366 708 decernimus,
1390 651 1441 696 ne

288 735 366 819 qaid
388 743 448 798 tam
471 732 628 816 episcopis
645 730 804 794 Gallicanis
828 750 917 812 quarn
939 732 1063 794 aliarum
1080 737 1307 813 provinciarum
1324 746 1441 801 contra

290 840 547 907 consuetudinem
570 844 708 901 veterem
730 836 820 899 liceat
841 838 910 901 siue
933 838 992 901 viri
1013 840 1201 902 venerabilis
1221 844 1323 926 Papae
1339 843 1438 908 Urbis

290 957 437 1016 aeternae
465 945 629 1010 autonmte
657 950 786 1006 tentare.
853 943 917 1008 Sed
944 943 1016 1006 boc
1044 943 1123 1006 illis
1153 949 1332 1012 omnibns
1360 967 1437 1032 pro

289 1059 379 1141 lege
402 1054 468 1132 sit,
492 1048 677 1133 quidquid
701 1049 832 1113 sanxit
853 1049 913 1112 vel
936 1050 1110 1112 sanxerit
1131 1050 1291 1131 Aplicae
1315 1054 1435 1119 Sedis

289 1157 548 1228 autoritas..“
582 1155 675 1233 (Nor.
700 1155 824 1218 constit.
848 1156 920 1237 imp.
949 1154 1066 1219 'lbcod
1088 1156 1116 1219 ll
1143 1164 1202 1219 etc.
1230 1156 1281 1219 ed.
1309 1156 1433 1222 llaenel
1524 1194 1525 1225 l

287 1271 333 1334 att
356 1267 452 1341 ΙΙΙΙΙ).
497 1261 582 1326 idern
606 1261 762 1345 Carolingi
790 1262 858 1325 suis
881 1263 1054 1327 civitatibus
1077 1269 1256 1326 sanxerunt.
1300 1263 1428 1325 Carolus

288 1375 420 1457 llagnus
448 1371 480 1433 in
503 1368 598 1450 Capit
627 1385 655 1430 a.
678 1365 743 1429 789
766 1386 794 1430 c.
818 1368 862 1430 58
896 1367 964 1444 (ed.
987 1368 1076 1432 Perta
1103 1369 1154 1448 ΙΙΙ,
1178 1368 1239 1444 62)
1270 1369 1429 1432 decretum

288 1476 558 1564 supralaudatum
580 1473 696 1535 Leonis
719 1472 752 1534 P.
776 1471 789 1534 Ι
811 1490 869 1554 pro
892 1474 966 1558 lege
989 1474 1110 1556 publica
1132 1474 1311 1538 adsciscens
1332 1492 1434 1557 prae-

289 1589 390 1669 cepit·
405 1587 457 1662 „ut
478 1580 507 1643 si
530 1579 599 1660 quis
622 1578 821 1642 sacerdotum
845 1586 953 1643 contra
970 1582 1136 1644 constituta
1155 1580 1319 1643 decretalia
1335 1598 1435 1662 prae-

289 1690 460 1774 sumptiose
472 1690 583 1770 ageret
598 1691 630 1747 et
645 1686 763 1769 corrigi
778 1685 899 1765 nolens,
916 1685 954 1749 ab
972 1686 1076 1749 officio
1093 1704 1152 1750 suo
1169 1687 1437 1750 submoveretur.“

289 1802 366 1865 ltcm
388 1793 553 1859 Lotbarius
582 1792 750 1873 imperator
777 1791 808 1853 in
839 1791 934 1871 Capit.
964 1809 992 1856 a.
1016 1791 1083 1854 824
1111 1810 1138 1854 c.
1162 1792 1183 1853 9
1216 1792 1252 1869 (Ι.
1282 1811 1310 1856 c.
1334 1792 1436 1863 etot:

288 1902 476 1988 „novissime
500 1899 713 1978 admoneatur,
740 1901 775 1959 ut
797 1895 896 1957 omnis
918 1894 1023 1974 bomo,
1053 1896 1133 1958 sient
1155 1896 1215 1958 Dei
1244 1900 1374 1981 gratiam
1399 1906 1435 1962 et

288 2019 426 2076 nostram
447 2004 564 2070 habero
588 2003 756 2083 desiderat,
778 2002 819 2064 ita
841 2006 977 2084 praestet
1000 2002 1030 2064 in
1054 2001 1198 2065 omnibus
1222 2003 1434 2068 obedientiam

288 2126 381 2199 atque
403 2109 610 2177 reverentiam
634 2109 707 2172 hnic
729 2108 894 2191 pontifici.“
937 2142 978 2156 -
1023 2106 1173 2171 Necnon
1196 2110 1336 2191 episcopi
1360 2112 1433 2191 ipsi,

288 2226 342 2308 qui
364 2219 491 2286 Nicolao
521 2217 553 2278 in
576 2215 634 2279 bac
662 2233 697 2279 re
727 2215 853 2297 obloqui
875 2214 1068 2292 videbantur,
1098 2213 1171 2276 alias
1201 2233 1268 2277 earn
1297 2216 1435 2281 libenter

287 2325 510 2414 agnoscebant
534 2321 619 2400 Nam,
643 2328 677 2384 ut
699 2321 749 2382 ille
773 2322 812 2382 iis
834 2320 972 2402 replicat,
998 2320 1135 2402 quotidie
1153 2321 1217 2401 ipsi
1241 2323 1272 2384 iu
1291 2324 1433 2404 negotiis

289 2436 367 2513 suis,
403 2443 609 2513 quaecunque
637 2425 844 2488 Rornanorum
872 2424 1052 2488 Pontificum
1088 2426 1253 2490 decretalia
1291 2429 1434 2494 iuvenire
1523 2458 1524 2467 Ι

288 2544 442 2627 poterant,
465 2532 662 2611 adhibebant,
685 2529 767 2595 nulla
782 2530 903 2595 ratione
921 2530 1033 2611 habita,
1057 2549 1130 2596 num
1154 2533 1256 2596 codici
1279 2552 1431 2598 canonum
1523 2572 1524 2597 l

289 2651 431 2714 inessent
454 2661 494 2706 au
517 2658 579 2704 non
603 2640 753 2702 inessent
800 2671 843 2685 -
887 2636 1029 2718 Denique
1053 2637 1136 2700 undo
1159 2639 1282 2703 tandem
1307 2641 1428 2703 decreta
1523 2694 1524 2703 ,

290 2749 481 2818 collectionis
516 2741 853 2807 Pseudo-lsidorianae
887 2757 961 2802 rnox
996 2742 1201 2807 universalem
1237 2747 1425 2810 autoritatem

289 2861 400 2941 adepta
423 2859 505 2932 sunt,
528 2849 589 2914 nisi
612 2849 683 2931 quia
706 2846 774 2910 talis
798 2846 945 2910 autoritas
968 2846 1185 2912 universaliter
1208 2850 1282 2915 Sedi
1304 2853 1429 2935 Aplicae

290 2952 536 3030 attribuebatur?
573 2956 648 3020 Nam
674 2961 824 3038 quatenus
849 2973 865 3016 a
889 2953 1047 3016 canonicis
1070 2953 1314 3021 institutionibus
1338 2966 1431 3021 vete-

290 3071 378 3139 ribus
402 3068 626 3144 discreparent,
649 3061 789 3143 episcopi
819 3062 888 3143 ejus
911 3060 1058 3140 temporis
1083 3061 1179 3142 probe
1204 3064 1343 3126 sciebant
1372 3064 1433 3141 (ci.
1522 3094 1523 3131 p

288 3180 407 3251 llincan.
429 3170 520 3254 capit.
543 3167 594 3232 LV
616 3174 724 3231 contra
745 3167 863 3230 llincm.
886 3165 982 3230 Laud.
1005 3166 1093 3247 impr.
1116 3184 1143 3229 c.
1167 3167 1337 3240 20-25).
1384 3170 1432 3233 Ac

288 3302 367 3349 vero
389 3276 555 3345 l’ontilices
577 3274 706 3337 Romani
730 3279 843 3337 tanturn
867 3272 1005 3347 aberant,
1032 3278 1067 3335 ut
1095 3270 1212 3334 illoram
1236 3275 1430 3337 autoritatem

289 3382 462 3457 insistendo
490 3380 697 3458 vindicarent,
727 3386 761 3441 ut
789 3379 922 3457 demum,
952 3396 1045 3460 quum
1071 3378 1134 3460 jarn
1164 3385 1247 3442 totus
1278 3379 1360 3443 orbis
1387 3379 1425 3438 iis

290 3488 367 3575 usus
387 3498 483 3570 esset,
506 3489 566 3572 ipsi
582 3503 706 3571 quoque
722 3489 884 3557 alerentur
908 3481 967 3559 (ci.
984 3483 1130 3547 blondell.
1147 3481 1424 3549 Pseudo-Isidorus

291 3609 352 3667 etc.
375 3598 498 3680 Proleg.
522 3614 550 3665 c,
577 3591 645 3668 18),
670 3590 788 3667 Quibus
813 3589 955 3655 omnibus
977 3589 1103 3670 prolatis
1125 3593 1201 3654 satis
1223 3594 1312 3670 patet,
1336 3584 1424 3665 prin·
1520 3656 1521 3659 Ἴ

291 3707 404 3788 cipium
427 3701 510 3780 illud,
535 3698 707 3763 decretales
730 3697 936 3759 lto-anorum
962 3695 1140 3773 Pontificum
1163 3714 1223 3777 perp
1239 3711 1274 3755 se
1296 3691 1426 3753 univer·-
1520 3678 1521 3735 l

291 3813 386 3877 salem
416 3807 555 3901 obligare
585 3804 764 3882 ecclesiam,
800 3804 925 3865 minime
955 3819 972 3863 a
1000 3801 1126 3866 Nicolao
1157 3800 1314 3862 inductum
1343 3814 1425 3877 csse,

291 3912 424 4006 sodex
459 3902 585 3997 notione
620 3912 768 3991 primatus
801 3908 928 3972 Romani
958 3909 1022 3993 jam
1057 3906 1222 3991 antiquitus
1254 3902 1425 3993 proiectum
1520 3940 1521 4009 l

291 4041 390 4117 nsque
414 4017 564 4108 tenuisse.
588 4048 629 4067 -
691 4090 695 4095 ⁵
