<?xml version="1.0" encoding="UTF-8"?>
<!DOCTYPE html PUBLIC "-//W3C//DTD XHTML 1.0 Transitional//EN"
    "http://www.w3.org/TR/xhtml1/DTD/xhtml1-transitional.dtd">
<html xmlns="http://www.w3.org/1999/xhtml" xml:lang="en" lang="en">
 <head>
  <title>
</title>
<meta http-equiv="Content-Type" content="text/html;charset=utf-8" />
  <meta name='ocr-system' content='tesseract 3.04.00' />
  <meta name='ocr-capabilities' content='ocr_page ocr_carea ocr_par ocr_line ocrx_word'/>
</head>
<body>
  <div class='ocr_page' id='page_1' title='image "./denicolaopapaic00thiegoog_0044.png"; bbox 0 0 3084 4838; ppageno 0'>
   <div class='ocr_carea' id='block_1_1' title="bbox 668 325 690 392">
    <p class='ocr_par' dir='ltr' id='par_1_1' title="bbox 668 325 690 392">
     <span class='ocr_line' id='line_1_1' title="bbox 668 325 690 392; baseline 0 0"><span class='ocrx_word' id='word_1_1' title='bbox 668 325 690 392; x_wconf 78' lang='lat' dir='ltr'>t</span> 
     </span>
    </p>
   </div>
   <div class='ocr_carea' id='block_1_2' title="bbox 104 527 1249 1037">
    <p class='ocr_par' dir='ltr' id='par_1_2' title="bbox 104 527 1249 1037">
     <span class='ocr_line' id='line_1_2' title="bbox 110 527 1248 615; baseline -0.002 -16"><span class='ocrx_word' id='word_1_2' title='bbox 110 530 286 598; x_wconf 78' lang='lat' dir='ltr'>Antiochiae</span> <span class='ocrx_word' id='word_1_3' title='bbox 310 540 342 594; x_wconf 91' lang='lat' dir='ltr'>et</span> <span class='ocrx_word' id='word_1_4' title='bbox 364 527 595 604; x_wconf 79' lang='lat' dir='ltr'><strong>Alexandriae.)</strong></span> <span class='ocrx_word' id='word_1_5' title='bbox 629 528 758 593; x_wconf 85' lang='lat' dir='ltr'><strong>Proinde</strong></span> <span class='ocrx_word' id='word_1_6' title='bbox 781 528 1156 613; x_wconf 88' lang='lat' dir='ltr'>animadvertendumest,</span> <span class='ocrx_word' id='word_1_7' title='bbox 1179 536 1248 615; x_wconf 85' lang='lat' dir='ltr'>quia</span> 
     </span>
     <span class='ocr_line' id='line_1_3' title="bbox 109 633 1249 717; baseline 0.001 -15"><span class='ocrx_word' id='word_1_8' title='bbox 109 658 170 703; x_wconf 92' lang='lat' dir='ltr'>non</span> <span class='ocrx_word' id='word_1_9' title='bbox 205 640 321 702; x_wconf 87' lang='lat' dir='ltr'>Nicena</span> <span class='ocrx_word' id='word_1_10' title='bbox 357 653 418 699; x_wconf 94' lang='lat' dir='ltr'>non</span> <span class='ocrx_word' id='word_1_11' title='bbox 454 634 583 716; x_wconf 91' lang='lat' dir='ltr'>denique</span> <span class='ocrx_word' id='word_1_12' title='bbox 625 635 686 699; x_wconf 90' lang='lat' dir='ltr'>ulla</span> <span class='ocrx_word' id='word_1_13' title='bbox 727 634 860 717; x_wconf 82' lang='lat' dir='ltr'>synodus</span> <span class='ocrx_word' id='word_1_14' title='bbox 898 633 1066 716; x_wconf 82' lang='lat' dir='ltr'>quodquam</span> <span class='ocrx_word' id='word_1_15' title='bbox 1095 639 1249 703; x_wconf 79' lang='lat' dir='ltr'><strong>Romanae</strong></span> 
     </span>
     <span class='ocr_line' id='line_1_4' title="bbox 109 740 1247 824; baseline 0 -15"><span class='ocrx_word' id='word_1_16' title='bbox 109 746 261 809; x_wconf 86' lang='lat' dir='ltr'>eeclesiae</span> <span class='ocrx_word' id='word_1_17' title='bbox 285 741 408 806; x_wconf 90' lang='lat' dir='ltr'>eontulit</span> <span class='ocrx_word' id='word_1_18' title='bbox 428 740 629 823; x_wconf 81' lang='lat' dir='ltr'>privilegium,</span> <span class='ocrx_word' id='word_1_19' title='bbox 653 756 732 824; x_wconf 89' lang='lat' dir='ltr'>quae</span> <span class='ocrx_word' id='word_1_20' title='bbox 754 742 785 803; x_wconf 91' lang='lat' dir='ltr'>in</span> <span class='ocrx_word' id='word_1_21' title='bbox 806 743 896 804; x_wconf 89' lang='lat' dir='ltr'>Petro</span> <span class='ocrx_word' id='word_1_22' title='bbox 919 749 1046 805; x_wconf 81' lang='lat' dir='ltr'>noverat</span> <span class='ocrx_word' id='word_1_23' title='bbox 1068 759 1135 803; x_wconf 93' lang='lat' dir='ltr'>eam</span> <span class='ocrx_word' id='word_1_24' title='bbox 1157 746 1247 808; x_wconf 89' lang='lat' dir='ltr'>totius</span> 
     </span>
     <span class='ocr_line' id='line_1_5' title="bbox 104 846 1248 938; baseline -0.003 -24"><span class='ocrx_word' id='word_1_25' title='bbox 104 852 176 933; x_wconf 84' lang='lat' dir='ltr'>jura</span> <span class='ocrx_word' id='word_1_26' title='bbox 209 849 364 929; x_wconf 89' lang='lat' dir='ltr'>potestatis</span> <span class='ocrx_word' id='word_1_27' title='bbox 397 847 526 929; x_wconf 74' lang='lat' dir='ltr'>pleniter</span> <span class='ocrx_word' id='word_1_28' title='bbox 558 848 709 911; x_wconf 87' lang='lat' dir='ltr'>meruisse</span> <span class='ocrx_word' id='word_1_29' title='bbox 742 855 774 910; x_wconf 92' lang='lat' dir='ltr'>et</span> <span class='ocrx_word' id='word_1_30' title='bbox 807 854 994 938; x_wconf 72' lang='lat' dir='ltr'>cunctarum¹</span> <span class='ocrx_word' id='word_1_31' title='bbox 1011 846 1120 909; x_wconf 77' lang='lat' dir='ltr'>Christi</span> <span class='ocrx_word' id='word_1_32' title='bbox 1148 849 1248 911; x_wconf 87' lang='lat' dir='ltr'>ovium</span> 
     </span>
     <span class='ocr_line' id='line_1_6' title="bbox 108 951 1214 1037; baseline -0.004 -17"><span class='ocrx_word' id='word_1_33' title='bbox 108 955 250 1037; x_wconf 78' lang='lat' dir='ltr'>regimen</span> <span class='ocrx_word' id='word_1_34' title='bbox 272 953 425 1034; x_wconf 87' lang='lat' dir='ltr'>accepisse</span> <span class='ocrx_word' id='word_1_35' title='bbox 450 959 530 1029; x_wconf 89' lang='lat' dir='ltr'>(sec.</span> <span class='ocrx_word' id='word_1_36' title='bbox 552 953 688 1016; x_wconf 85' lang='lat' dir='ltr'>Bonifac.</span> <span class='ocrx_word' id='word_1_37' title='bbox 711 971 760 1034; x_wconf 88' lang='lat' dir='ltr'>ep.</span> <span class='ocrx_word' id='word_1_38' title='bbox 784 951 822 1015; x_wconf 90' lang='lat' dir='ltr'>ad</span> <span class='ocrx_word' id='word_1_39' title='bbox 844 971 939 1035; x_wconf 87' lang='lat' dir='ltr'>eppos</span> <span class='ocrx_word' id='word_1_40' title='bbox 961 953 1148 1027; x_wconf 85' lang='lat' dir='ltr'>&#39;lhessal.).“</span> <span class='ocrx_word' id='word_1_41' title='bbox 1173 989 1214 1000; x_wconf 89' lang='lat'><em>-</em></span> 
     </span>
    </p>
   </div>
   <div class='ocr_carea' id='block_1_3' title="bbox 216 1074 1252 1158">
    <p class='ocr_par' dir='ltr' id='par_1_3' title="bbox 216 1074 1252 1158">
     <span class='ocr_line' id='line_1_7' title="bbox 216 1074 1252 1158; baseline -0.001 -17"><span class='ocrx_word' id='word_1_42' title='bbox 216 1074 284 1141; x_wconf 88' lang='lat' dir='ltr'>Sola</span> <span class='ocrx_word' id='word_1_43' title='bbox 306 1076 398 1158; x_wconf 83' lang='lat' dir='ltr'>igitur</span> <span class='ocrx_word' id='word_1_44' title='bbox 420 1076 452 1137; x_wconf 91' lang='lat' dir='ltr'>in</span> <span class='ocrx_word' id='word_1_45' title='bbox 474 1074 574 1136; x_wconf 88' lang='lat' dir='ltr'>divina</span> <span class='ocrx_word' id='word_1_46' title='bbox 595 1075 779 1144; x_wconf 89' lang='lat' dir='ltr'>institutione</span> <span class='ocrx_word' id='word_1_47' title='bbox 801 1074 942 1139; x_wconf 86' lang='lat' dir='ltr'>Nicolaus</span> <span class='ocrx_word' id='word_1_48' title='bbox 964 1077 1107 1156; x_wconf 83' lang='lat' dir='ltr'>primatus</span> <span class='ocrx_word' id='word_1_49' title='bbox 1121 1076 1252 1140; x_wconf 83' lang='lat' dir='ltr'>Romani</span> 
     </span>
    </p>
   </div>
   <div class='ocr_carea' id='block_1_4' title="bbox 6 1179 1250 1266">
    <p class='ocr_par' dir='ltr' id='par_1_4' title="bbox 6 1179 1250 1266">
     <span class='ocr_line' id='line_1_8' title="bbox 6 1179 1250 1266; baseline 0.001 -23"><span class='ocrx_word' id='word_1_50' title='bbox 6 1198 7 1221; x_wconf 74' lang='lat'><em>³</em></span> <span class='ocrx_word' id='word_1_51' title='bbox 106 1183 157 1266; x_wconf 90' lang='lat' dir='ltr'>jus</span> <span class='ocrx_word' id='word_1_52' title='bbox 183 1199 327 1263; x_wconf 87' lang='lat' dir='ltr'>suamque</span> <span class='ocrx_word' id='word_1_53' title='bbox 356 1179 394 1242; x_wconf 90' lang='lat' dir='ltr'>de</span> <span class='ocrx_word' id='word_1_54' title='bbox 423 1181 491 1261; x_wconf 91' lang='lat' dir='ltr'>ejus</span> <span class='ocrx_word' id='word_1_55' title='bbox 519 1179 709 1259; x_wconf 81' lang='lat' dir='ltr'>perennitate</span> <span class='ocrx_word' id='word_1_56' title='bbox 736 1179 875 1243; x_wconf 84' lang='lat' dir='ltr'>fiduciam</span> <span class='ocrx_word' id='word_1_57' title='bbox 897 1180 991 1243; x_wconf 85' lang='lat' dir='ltr'>fulcit.</span> <span class='ocrx_word' id='word_1_58' title='bbox 1037 1180 1175 1244; x_wconf 78' lang='lat' dir='ltr'>Oenones</span> <span class='ocrx_word' id='word_1_59' title='bbox 1196 1190 1250 1246; x_wconf 89' lang='lat' dir='ltr'>aut</span> 
     </span>
    </p>
   </div>
   <div class='ocr_carea' id='block_1_5' title="bbox 109 1284 1248 1367">
    <p class='ocr_par' dir='ltr' id='par_1_5' title="bbox 109 1284 1248 1367">
     <span class='ocr_line' id='line_1_9' title="bbox 109 1284 1248 1367; baseline -0.001 -17"><span class='ocrx_word' id='word_1_60' title='bbox 109 1287 279 1350; x_wconf 76' lang='lat' dir='ltr'>decretales</span> <span class='ocrx_word' id='word_1_61' title='bbox 317 1292 429 1364; x_wconf 83' lang='lat' dir='ltr'>autem,</span> <span class='ocrx_word' id='word_1_62' title='bbox 464 1303 541 1366; x_wconf 89' lang='lat' dir='ltr'>quae</span> <span class='ocrx_word' id='word_1_63' title='bbox 574 1285 606 1346; x_wconf 92' lang='lat' dir='ltr'>in</span> <span class='ocrx_word' id='word_1_64' title='bbox 637 1285 694 1347; x_wconf 91' lang='lat' dir='ltr'>hac</span> <span class='ocrx_word' id='word_1_65' title='bbox 726 1303 763 1347; x_wconf 91' lang='lat' dir='ltr'>re</span> <span class='ocrx_word' id='word_1_66' title='bbox 796 1284 925 1364; x_wconf 86' lang='lat' dir='ltr'>adducit,</span> <span class='ocrx_word' id='word_1_67' title='bbox 959 1286 1160 1350; x_wconf 91' lang='lat' dir='ltr'>tantummodo</span> <span class='ocrx_word' id='word_1_68' title='bbox 1193 1306 1248 1367; x_wconf 91' lang='lat' dir='ltr'>pro</span> 
     </span>
    </p>
   </div>
   <div class='ocr_carea' id='block_1_6' title="bbox 6 1390 1249 1589">
    <p class='ocr_par' dir='ltr' id='par_1_6' title="bbox 6 1390 1249 1589">
     <span class='ocr_line' id='line_1_10' title="bbox 7 1390 1249 1474; baseline -0.001 -18"><span class='ocrx_word' id='word_1_69' title='bbox 7 1396 8 1401; x_wconf 76' lang='grc'>’</span> <span class='ocrx_word' id='word_1_70' title='bbox 107 1393 286 1456; x_wconf 83' lang='lat' dir='ltr'>testimoniis</span> <span class='ocrx_word' id='word_1_71' title='bbox 312 1391 443 1470; x_wconf 86' lang='lat' dir='ltr'>adhibet,</span> <span class='ocrx_word' id='word_1_72' title='bbox 476 1391 596 1473; x_wconf 79' lang='lat' dir='ltr'>singula</span> <span class='ocrx_word' id='word_1_73' title='bbox 626 1390 762 1473; x_wconf 85' lang='lat' dir='ltr'>ejusdem</span> <span class='ocrx_word' id='word_1_74' title='bbox 784 1392 855 1474; x_wconf 74' lang='lat' dir='ltr'>Jura</span> <span class='ocrx_word' id='word_1_75' title='bbox 878 1391 942 1473; x_wconf 92' lang='lat' dir='ltr'>jam</span> <span class='ocrx_word' id='word_1_76' title='bbox 965 1392 1125 1472; x_wconf 88' lang='lat' dir='ltr'>antiquitus</span> <span class='ocrx_word' id='word_1_77' title='bbox 1147 1394 1249 1474; x_wconf 82' lang='lat' dir='ltr'>agnita</span> 
     </span>
     <span class='ocr_line' id='line_1_11' title="bbox 6 1495 1249 1589; baseline -0.003 -26"><span class='ocrx_word' id='word_1_78' title='bbox 6 1528 8 1589; x_wconf 43' lang='lat' dir='ltr'><em>g</em></span> <span class='ocrx_word' id='word_1_79' title='bbox 108 1516 190 1563; x_wconf 88' lang='lat' dir='ltr'>esse.</span> <span class='ocrx_word' id='word_1_80' title='bbox 209 1495 235 1571; x_wconf 86' lang='lat'>¹)</span> <span class='ocrx_word' id='word_1_81' title='bbox 280 1497 358 1560; x_wconf 90' lang='lat' dir='ltr'>Num</span> <span class='ocrx_word' id='word_1_82' title='bbox 386 1503 486 1558; x_wconf 87' lang='lat' dir='ltr'>autem</span> <span class='ocrx_word' id='word_1_83' title='bbox 514 1495 592 1558; x_wconf 90' lang='lat' dir='ltr'>lorte</span> <span class='ocrx_word' id='word_1_84' title='bbox 619 1497 661 1558; x_wconf 91' lang='lat' dir='ltr'>ihi</span> <span class='ocrx_word' id='word_1_85' title='bbox 688 1495 959 1560; x_wconf 90' lang='lat' dir='ltr'>Pseudo-Isidorus</span> <span class='ocrx_word' id='word_1_86' title='bbox 986 1496 1044 1577; x_wconf 90' lang='lat' dir='ltr'>ipsi</span> <span class='ocrx_word' id='word_1_87' title='bbox 1071 1505 1249 1579; x_wconf 81' lang='lat' dir='ltr'>argumenta</span> 
     </span>
    </p>
   </div>
   <div class='ocr_carea' id='block_1_7' title="bbox 108 1601 1249 1685">
    <p class='ocr_par' dir='ltr' id='par_1_7' title="bbox 108 1601 1249 1685">
     <span class='ocr_line' id='line_1_12' title="bbox 108 1601 1249 1685; baseline -0.002 -21"><span class='ocrx_word' id='word_1_88' title='bbox 108 1603 332 1685; x_wconf 70' lang='lat' dir='ltr'>suppeditavit?</span> <span class='ocrx_word' id='word_1_89' title='bbox 350 1602 450 1675; x_wconf 36' lang='lat' dir='ltr'>*Quae</span> <span class='ocrx_word' id='word_1_90' title='bbox 478 1601 613 1681; x_wconf 86' lang='lat' dir='ltr'>quaestio</span> <span class='ocrx_word' id='word_1_91' title='bbox 640 1621 731 1683; x_wconf 87' lang='lat' dir='ltr'>quum</span> <span class='ocrx_word' id='word_1_92' title='bbox 753 1609 895 1679; x_wconf 84' lang='lat' dir='ltr'>accurate</span> <span class='ocrx_word' id='word_1_93' title='bbox 919 1601 1040 1664; x_wconf 86' lang='lat' dir='ltr'>diffiniri</span> <span class='ocrx_word' id='word_1_94' title='bbox 1062 1621 1122 1665; x_wconf 93' lang='lat' dir='ltr'>non</span> <span class='ocrx_word' id='word_1_95' title='bbox 1145 1603 1249 1684; x_wconf 86' lang='lat' dir='ltr'>possit,</span> 
     </span>
    </p>
   </div>
   <div class='ocr_carea' id='block_1_8' title="bbox 6 1705 1251 1788">
    <p class='ocr_par' dir='ltr' id='par_1_8' title="bbox 6 1705 1251 1788">
     <span class='ocr_line' id='line_1_13' title="bbox 6 1705 1251 1788; baseline -0.002 -15"><span class='ocrx_word' id='word_1_96' title='bbox 6 1720 8 1773; x_wconf 67' lang='grc'><strong>1</strong></span> <span class='ocrx_word' id='word_1_97' title='bbox 110 1709 168 1770; x_wconf 91' lang='lat' dir='ltr'>nisi</span> <span class='ocrx_word' id='word_1_98' title='bbox 197 1709 299 1787; x_wconf 73' lang='lat' dir='ltr'>&#39;ipsum</span> <span class='ocrx_word' id='word_1_99' title='bbox 329 1707 380 1787; x_wconf 84' lang='lat' dir='ltr'>jus</span> <span class='ocrx_word' id='word_1_100' title='bbox 417 1705 611 1786; x_wconf 88' lang='lat' dir='ltr'>Pontificium,</span> <span class='ocrx_word' id='word_1_101' title='bbox 653 1705 733 1788; x_wconf 89' lang='lat' dir='ltr'>quod</span> <span class='ocrx_word' id='word_1_102' title='bbox 765 1705 906 1769; x_wconf 88' lang='lat' dir='ltr'>Nicolaus</span> <span class='ocrx_word' id='word_1_103' title='bbox 937 1706 1117 1786; x_wconf 85' lang='lat' dir='ltr'>exhibuerit,</span> <span class='ocrx_word' id='word_1_104' title='bbox 1157 1715 1251 1771; x_wconf 89' lang='lat' dir='ltr'>totum</span> 
     </span>
    </p>
   </div>
   <div class='ocr_carea' id='block_1_9' title="bbox 72 1810 1249 2001">
    <p class='ocr_par' dir='ltr' id='par_1_9' title="bbox 72 1810 1249 2001">
     <span class='ocr_line' id='line_1_14' title="bbox 111 1810 1249 1894; baseline 0.001 -19"><span class='ocrx_word' id='word_1_105' title='bbox 111 1820 200 1875; x_wconf 87' lang='lat' dir='ltr'>antea</span> <span class='ocrx_word' id='word_1_106' title='bbox 222 1818 432 1894; x_wconf 73' lang='lat' dir='ltr'>cognoscatur,</span> <span class='ocrx_word' id='word_1_107' title='bbox 456 1811 603 1874; x_wconf 89' lang='lat' dir='ltr'>hocloco</span> <span class='ocrx_word' id='word_1_108' title='bbox 625 1812 800 1894; x_wconf 90' lang='lat' dir='ltr'>simpliciter</span> <span class='ocrx_word' id='word_1_109' title='bbox 822 1829 953 1894; x_wconf 80' lang='lat' dir='ltr'>negasse</span> <span class='ocrx_word' id='word_1_110' title='bbox 976 1810 1114 1875; x_wconf 88' lang='lat' dir='ltr'>sufficiat.</span> <span class='ocrx_word' id='word_1_111' title='bbox 1159 1812 1249 1876; x_wconf 86' lang='lat' dir='ltr'>Plena</span> 
     </span>
     <span class='ocr_line' id='line_1_15' title="bbox 72 1907 1106 2001; baseline 0 -20"><span class='ocrx_word' id='word_1_112' title='bbox 72 1907 80 1917; x_wconf 83' lang='grc'><strong>’</strong></span> <span class='ocrx_word' id='word_1_113' title='bbox 108 1925 289 2001; x_wconf 85' lang='lat' dir='ltr'>argumenta</span> <span class='ocrx_word' id='word_1_114' title='bbox 312 1916 431 1981; x_wconf 91' lang='lat' dir='ltr'>demum</span> <span class='ocrx_word' id='word_1_115' title='bbox 454 1916 604 1981; x_wconf 88' lang='lat' dir='ltr'>adfinem</span> <span class='ocrx_word' id='word_1_116' title='bbox 627 1919 657 1981; x_wconf 94' lang='lat' dir='ltr'>in</span> <span class='ocrx_word' id='word_1_117' title='bbox 680 1916 846 2000; x_wconf 88' lang='lat' dir='ltr'>appendice</span> <span class='ocrx_word' id='word_1_118' title='bbox 869 1918 882 1981; x_wconf 98' lang='lat' dir='ltr'>l</span> <span class='ocrx_word' id='word_1_119' title='bbox 903 1918 1106 1999; x_wconf 86' lang='lat' dir='ltr'>proferentur.</span> 
     </span>
    </p>
   </div>
   <div class='ocr_carea' id='block_1_10' title="bbox 644 2144 713 2213">
    <p class='ocr_par' dir='ltr' id='par_1_10' title="bbox 644 2144 713 2213">
     <span class='ocr_line' id='line_1_16' title="bbox 644 2144 713 2213; baseline -0.043 0"><span class='ocrx_word' id='word_1_120' title='bbox 644 2144 713 2213; x_wconf 87' lang='lat' dir='ltr'>n.</span> 
     </span>
    </p>
   </div>
   <div class='ocr_carea' id='block_1_11' title="bbox 48 2297 1250 2511">
    <p class='ocr_par' dir='ltr' id='par_1_11' title="bbox 48 2297 1250 2511">
     <span class='ocr_line' id='line_1_17' title="bbox 48 2297 1250 2388; baseline -0.001 -13"><span class='ocrx_word' id='word_1_121' title='bbox 48 2328 50 2330; x_wconf 56' lang='grc'>’</span> <span class='ocrx_word' id='word_1_122' title='bbox 109 2305 190 2375; x_wconf 70' lang='lat' dir='ltr'>lte</span> <span class='ocrx_word' id='word_1_123' title='bbox 213 2297 422 2387; x_wconf 62' lang='lat' dir='ltr'>singulis</span> <span class='ocrx_word' id='word_1_124' title='bbox 438 2297 655 2385; x_wconf 80' lang='lat' dir='ltr'>juribus,</span> <span class='ocrx_word' id='word_1_125' title='bbox 678 2313 809 2388; x_wconf 79' lang='lat' dir='ltr'>quae</span> <span class='ocrx_word' id='word_1_126' title='bbox 830 2298 1057 2372; x_wconf 78' lang='lat' dir='ltr'>Nicotaus</span> <span class='ocrx_word' id='word_1_127' title='bbox 1079 2301 1250 2375; x_wconf 80' lang='lat' dir='ltr'>Ponti-</span> 
     </span>
     <span class='ocr_line' id='line_1_18' title="bbox 320 2421 1043 2511; baseline 0.008 -16"><span class='ocrx_word' id='word_1_128' title='bbox 320 2421 469 2495; x_wconf 81' lang='lat' dir='ltr'>fictae</span> <span class='ocrx_word' id='word_1_129' title='bbox 490 2422 727 2511; x_wconf 76' lang='lat' dir='ltr'>potestati</span> <span class='ocrx_word' id='word_1_130' title='bbox 749 2423 1043 2501; x_wconf 78' lang='lat' dir='ltr'>asseruerit.</span> 
     </span>
    </p>
   </div>
   <div class='ocr_carea' id='block_1_12' title="bbox 256 2583 1107 2666">
    <p class='ocr_par' dir='ltr' id='par_1_12' title="bbox 256 2583 1107 2666">
     <span class='ocr_line' id='line_1_19' title="bbox 256 2583 1107 2666; baseline -0.001 -18"><span class='ocrx_word' id='word_1_131' title='bbox 256 2585 294 2648; x_wconf 88' lang='lat' dir='ltr'>A.</span> <span class='ocrx_word' id='word_1_132' title='bbox 341 2583 448 2647; x_wconf 84' lang='lat' dir='ltr'>Circa</span> <span class='ocrx_word' id='word_1_133' title='bbox 480 2585 760 2666; x_wconf 88' lang='lat' dir='ltr'>inspectionem</span> <span class='ocrx_word' id='word_1_134' title='bbox 794 2585 1107 2647; x_wconf 86' lang='lat' dir='ltr'>ecclesiasticam.</span> 
     </span>
    </p>
   </div>
   <div class='ocr_carea' id='block_1_13' title="bbox 111 2704 1255 3418">
    <p class='ocr_par' dir='ltr' id='par_1_13' title="bbox 111 2704 1255 3418">
     <span class='ocr_line' id='line_1_20' title="bbox 218 2704 1251 2791; baseline -0.005 -17"><span class='ocrx_word' id='word_1_135' title='bbox 218 2704 462 2787; x_wconf 85' lang='lat' dir='ltr'>„Sollicitudinis,</span> <span class='ocrx_word' id='word_1_136' title='bbox 505 2726 595 2788; x_wconf 88' lang='lat' dir='ltr'>quam</span> <span class='ocrx_word' id='word_1_137' title='bbox 632 2727 687 2791; x_wconf 91' lang='lat' dir='ltr'>pro</span> <span class='ocrx_word' id='word_1_138' title='bbox 725 2707 875 2771; x_wconf 89' lang='lat' dir='ltr'>universis</span> <span class='ocrx_word' id='word_1_139' title='bbox 913 2706 1050 2770; x_wconf 89' lang='lat' dir='ltr'>eeclesiis</span> <span class='ocrx_word' id='word_1_140' title='bbox 1087 2707 1251 2770; x_wconf 91' lang='lat' dir='ltr'>Dominicis</span> 
     </span>
     <span class='ocr_line' id='line_1_21' title="bbox 111 2813 1252 2894; baseline -0.001 -18"><span class='ocrx_word' id='word_1_141' title='bbox 111 2815 306 2891; x_wconf 84' lang='lat' dir='ltr'>sustinemus,</span> <span class='ocrx_word' id='word_1_142' title='bbox 341 2814 508 2876; x_wconf 85' lang='lat' dir='ltr'>necessitas</span> <span class='ocrx_word' id='word_1_143' title='bbox 531 2832 586 2878; x_wconf 93' lang='lat' dir='ltr'>nos</span> <span class='ocrx_word' id='word_1_144' title='bbox 609 2814 770 2894; x_wconf 88' lang='lat' dir='ltr'>compellit,</span> <span class='ocrx_word' id='word_1_145' title='bbox 806 2813 844 2875; x_wconf 92' lang='lat' dir='ltr'>de</span> <span class='ocrx_word' id='word_1_146' title='bbox 867 2815 998 2877; x_wconf 91' lang='lat' dir='ltr'>omnium</span> <span class='ocrx_word' id='word_1_147' title='bbox 1020 2813 1152 2876; x_wconf 86' lang='lat' dir='ltr'>fidelium</span> <span class='ocrx_word' id='word_1_148' title='bbox 1174 2820 1252 2876; x_wconf 91' lang='lat' dir='ltr'>statu</span> 
     </span>
     <span class='ocr_line' id='line_1_22' title="bbox 113 2917 1252 2999; baseline 0.004 -23"><span class='ocrx_word' id='word_1_149' title='bbox 113 2917 272 2996; x_wconf 83' lang='lat' dir='ltr'>impigram</span> <span class='ocrx_word' id='word_1_150' title='bbox 312 2934 425 2996; x_wconf 85' lang='lat' dir='ltr'>gerere</span> <span class='ocrx_word' id='word_1_151' title='bbox 465 2917 722 2997; x_wconf 82' lang='lat' dir='ltr'>providentiam,“</span> <span class='ocrx_word' id='word_1_152' title='bbox 761 2918 901 2980; x_wconf 91' lang='lat' dir='ltr'>Nicolaus</span> <span class='ocrx_word' id='word_1_153' title='bbox 936 2918 1052 2980; x_wconf 89' lang='lat' dir='ltr'>nobiles</span> <span class='ocrx_word' id='word_1_154' title='bbox 1086 2918 1252 2999; x_wconf 88' lang='lat' dir='ltr'>Aquitanos</span> 
     </span>
     <span class='ocr_line' id='line_1_23' title="bbox 113 3018 1254 3104; baseline 0.004 -22"><span class='ocrx_word' id='word_1_155' title='bbox 113 3019 283 3100; x_wconf 87' lang='lat' dir='ltr'>alloquitur,</span> <span class='ocrx_word' id='word_1_156' title='bbox 329 3019 380 3099; x_wconf 89' lang='lat' dir='ltr'>qui</span> <span class='ocrx_word' id='word_1_157' title='bbox 423 3020 480 3099; x_wconf 92' lang='lat' dir='ltr'>ipsi</span> <span class='ocrx_word' id='word_1_158' title='bbox 525 3018 563 3081; x_wconf 91' lang='lat' dir='ltr'>de</span> <span class='ocrx_word' id='word_1_159' title='bbox 609 3020 806 3084; x_wconf 90' lang='lat' dir='ltr'>ecclesiarum</span> <span class='ocrx_word' id='word_1_160' title='bbox 844 3021 1126 3104; x_wconf 89' lang='lat' dir='ltr'>depraedationibus</span> <span class='ocrx_word' id='word_1_161' title='bbox 1164 3024 1254 3086; x_wconf 85' lang='lat' dir='ltr'>delati</span> 
     </span>
     <span class='ocr_line' id='line_1_24' title="bbox 114 3122 1252 3210; baseline 0.003 -21"><span class='ocrx_word' id='word_1_162' title='bbox 114 3125 236 3189; x_wconf 87' lang='lat' dir='ltr'>lucrant</span> <span class='ocrx_word' id='word_1_163' title='bbox 264 3131 330 3205; x_wconf 89' lang='lat' dir='ltr'>(ep.</span> <span class='ocrx_word' id='word_1_164' title='bbox 357 3122 417 3184; x_wconf 91' lang='grc'>111</span> <span class='ocrx_word' id='word_1_165' title='bbox 443 3124 462 3186; x_wconf 98' lang='lat' dir='ltr'>l.</span> <span class='ocrx_word' id='word_1_166' title='bbox 487 3142 512 3186; x_wconf 89' lang='lat' dir='ltr'>o.</span> <span class='ocrx_word' id='word_1_167' title='bbox 540 3124 652 3200; x_wconf 88' lang='grc'><strong>1114).</strong></span> <span class='ocrx_word' id='word_1_168' title='bbox 699 3126 753 3188; x_wconf 80' lang='lat' dir='ltr'>Cui</span> <span class='ocrx_word' id='word_1_169' title='bbox 775 3126 981 3207; x_wconf 89' lang='lat' dir='ltr'>providentiae</span> <span class='ocrx_word' id='word_1_170' title='bbox 1004 3138 1037 3192; x_wconf 92' lang='lat' dir='ltr'>ut</span> <span class='ocrx_word' id='word_1_171' title='bbox 1051 3131 1252 3210; x_wconf 51' lang='lat' dir='ltr'>¹juste&#39;satis-</span> 
     </span>
     <span class='ocr_line' id='line_1_25' title="bbox 113 3228 1255 3314; baseline 0.003 -21"><span class='ocrx_word' id='word_1_172' title='bbox 113 3231 212 3308; x_wconf 83' lang='lat' dir='ltr'>lieret,</span> <span class='ocrx_word' id='word_1_173' title='bbox 253 3238 284 3293; x_wconf 87' lang='lat' dir='ltr'>et</span> <span class='ocrx_word' id='word_1_174' title='bbox 320 3228 484 3293; x_wconf 89' lang='lat' dir='ltr'>relationes</span> <span class='ocrx_word' id='word_1_175' title='bbox 522 3230 732 3312; x_wconf 89' lang='lat' dir='ltr'>episcoporum</span> <span class='ocrx_word' id='word_1_176' title='bbox 753 3232 950 3313; x_wconf 59' lang='lat' dir='ltr'>‘exquirendi</span> <span class='ocrx_word' id='word_1_177' title='bbox 986 3240 1018 3294; x_wconf 91' lang='lat' dir='ltr'>et</span> <span class='ocrx_word' id='word_1_178' title='bbox 1052 3234 1170 3314; x_wconf 82' lang='lat' dir='ltr'>legatos</span> <span class='ocrx_word' id='word_1_179' title='bbox 1204 3233 1255 3296; x_wconf 85' lang='lat' dir='ltr'>vel</span> 
     </span>
     <span class='ocr_line' id='line_1_26' title="bbox 115 3333 1008 3418; baseline 0.002 -20"><span class='ocrx_word' id='word_1_180' title='bbox 115 3334 257 3417; x_wconf 84' lang='lat' dir='ltr'>epistolas</span> <span class='ocrx_word' id='word_1_181' title='bbox 280 3333 429 3417; x_wconf 86' lang='lat' dir='ltr'>dirigendi</span> <span class='ocrx_word' id='word_1_182' title='bbox 448 3336 500 3418; x_wconf 83' lang='lat' dir='ltr'>jus</span> <span class='ocrx_word' id='word_1_183' title='bbox 524 3336 554 3402; x_wconf 86' lang='lat' dir='ltr'>S.</span> <span class='ocrx_word' id='word_1_184' title='bbox 579 3337 847 3418; x_wconf 69' lang='lat' dir='ltr'>messemque</span> <span class='ocrx_word' id='word_1_185' title='bbox 871 3338 1008 3401; x_wconf 85' lang='lat' dir='ltr'>asseruit.</span> 
     </span>
    </p>
   </div>
   <div class='ocr_carea' id='block_1_14' title="bbox 115 3456 1254 3659">
    <p class='ocr_par' dir='ltr' id='par_1_14' title="bbox 115 3456 1254 3659">
     <span class='ocr_line' id='line_1_27' title="bbox 220 3456 1253 3544; baseline 0.002 -26"><span class='ocrx_word' id='word_1_186' title='bbox 220 3458 267 3519; x_wconf 89' lang='lat' dir='ltr'>De</span> <span class='ocrx_word' id='word_1_187' title='bbox 295 3459 441 3521; x_wconf 89' lang='lat' dir='ltr'>relatione</span> <span class='ocrx_word' id='word_1_188' title='bbox 474 3459 594 3542; x_wconf 85' lang='lat' dir='ltr'>quidem</span> <span class='ocrx_word' id='word_1_189' title='bbox 632 3462 842 3544; x_wconf 88' lang='lat' dir='ltr'>episcoporum</span> <span class='ocrx_word' id='word_1_190' title='bbox 870 3461 990 3542; x_wconf 89' lang='lat' dir='ltr'>saepius</span> <span class='ocrx_word' id='word_1_191' title='bbox 1026 3459 1098 3524; x_wconf 90' lang='lat' dir='ltr'>illud</span> <span class='ocrx_word' id='word_1_192' title='bbox 1136 3456 1253 3524; x_wconf 90' lang='lat' dir='ltr'>concilii</span> 
     </span>
     <span class='ocr_line' id='line_1_28' title="bbox 115 3558 1254 3659; baseline -0.004 -25"><span class='ocrx_word' id='word_1_193' title='bbox 115 3565 305 3633; x_wconf 89' lang='lat' dir='ltr'>Sardicensis</span> <span class='ocrx_word' id='word_1_194' title='bbox 329 3564 468 3645; x_wconf 89' lang='lat' dir='ltr'>inculcat,</span> <span class='ocrx_word' id='word_1_195' title='bbox 497 3568 661 3647; x_wconf 90' lang='lat' dir='ltr'>„optimum</span> <span class='ocrx_word' id='word_1_196' title='bbox 685 3567 825 3659; x_wconf 87' lang='lat' dir='ltr'>etvalde</span> <span class='ocrx_word' id='word_1_197' title='bbox 848 3558 1150 3649; x_wconf 85' lang='lat' dir='ltr'>congruentissimum</span> <span class='ocrx_word' id='word_1_198' title='bbox 1173 3585 1254 3648; x_wconf 91' lang='lat' dir='ltr'>esse,</span> 
     </span>
    </p>
   </div>
   <div class='ocr_carea' id='block_1_15' title="bbox 113 3789 1258 4303">
    <p class='ocr_par' dir='ltr' id='par_1_15' title="bbox 113 3789 1258 4303">
     <span class='ocr_line' id='line_1_29' title="bbox 223 3789 1258 3863; baseline 0.001 -17"><span class='ocrx_word' id='word_1_199' title='bbox 223 3789 243 3858; x_wconf 84' lang='lat'>¹)</span> <span class='ocrx_word' id='word_1_200' title='bbox 267 3790 340 3846; x_wconf 85' lang='lat' dir='ltr'>Siout</span> <span class='ocrx_word' id='word_1_201' title='bbox 362 3808 395 3844; x_wconf 80' lang='lat' dir='ltr'>cx</span> <span class='ocrx_word' id='word_1_202' title='bbox 416 3807 455 3861; x_wconf 79' lang='lat' dir='ltr'>gr.</span> <span class='ocrx_word' id='word_1_203' title='bbox 479 3791 512 3844; x_wconf 92' lang='lat' dir='ltr'>de</span> <span class='ocrx_word' id='word_1_204' title='bbox 536 3807 632 3845; x_wconf 80' lang='lat' dir='ltr'>summa</span> <span class='ocrx_word' id='word_1_205' title='bbox 652 3792 830 3858; x_wconf 82' lang='lat' dir='ltr'>jurisdictione</span> <span class='ocrx_word' id='word_1_206' title='bbox 854 3791 880 3846; x_wconf 87' lang='lat' dir='ltr'>S.</span> <span class='ocrx_word' id='word_1_207' title='bbox 898 3794 929 3846; x_wconf 82' lang='lat' dir='ltr'>h.</span> <span class='ocrx_word' id='word_1_208' title='bbox 948 3791 1075 3845; x_wconf 85' lang='lat' dir='ltr'>Gelasium</span> <span class='ocrx_word' id='word_1_209' title='bbox 1094 3796 1128 3845; x_wconf 86' lang='lat' dir='ltr'>ita</span> <span class='ocrx_word' id='word_1_210' title='bbox 1146 3796 1258 3863; x_wconf 85' lang='lat' dir='ltr'>appellat</span> 
     </span>
     <span class='ocr_line' id='line_1_30' title="bbox 113 3877 1256 3950; baseline 0.001 -17"><span class='ocrx_word' id='word_1_211' title='bbox 113 3882 169 3949; x_wconf 82' lang='lat' dir='ltr'>(op.</span> <span class='ocrx_word' id='word_1_212' title='bbox 194 3877 269 3934; x_wconf 79' lang='grc'><strong>151.</strong></span> <span class='ocrx_word' id='word_1_213' title='bbox 292 3897 315 3934; x_wconf 88' lang='lat' dir='ltr'>c.</span> <span class='ocrx_word' id='word_1_214' title='bbox 334 3880 411 3948; x_wconf 77' lang='lat' dir='ltr'>905)r</span> <span class='ocrx_word' id='word_1_215' title='bbox 437 3882 478 3948; x_wconf 81' lang='lat' dir='ltr'>„ti</span> <span class='ocrx_word' id='word_1_216' title='bbox 501 3881 558 3950; x_wconf 78' lang='lat' dir='ltr'>quis</span> <span class='ocrx_word' id='word_1_217' title='bbox 582 3889 666 3933; x_wconf 85' lang='lat' dir='ltr'>autem</span> <span class='ocrx_word' id='word_1_218' title='bbox 692 3881 769 3933; x_wconf 84' lang='lat' dir='ltr'>tacita</span> <span class='ocrx_word' id='word_1_219' title='bbox 790 3882 857 3933; x_wconf 82' lang='lat' dir='ltr'>forte</span> <span class='ocrx_word' id='word_1_220' title='bbox 884 3880 1070 3947; x_wconf 80' lang='lat' dir='ltr'>(mussitatione</span> <span class='ocrx_word' id='word_1_221' title='bbox 1093 3882 1256 3950; x_wconf 89' lang='lat' dir='ltr'>obtenderit),</span> 
     </span>
     <span class='ocr_line' id='line_1_31' title="bbox 117 3967 1257 4040; baseline 0.001 -19"><span class='ocrx_word' id='word_1_222' title='bbox 117 3970 247 4021; x_wconf 78' lang='lat' dir='ltr'>Romanae</span> <span class='ocrx_word' id='word_1_223' title='bbox 274 3967 418 4033; x_wconf 79' lang='lat' dir='ltr'>hujusmodi</span> <span class='ocrx_word' id='word_1_224' title='bbox 446 3969 575 4022; x_wconf 84' lang='lat' dir='ltr'>eeclesiae</span> <span class='ocrx_word' id='word_1_225' title='bbox 599 3968 732 4040; x_wconf 78' lang='lat' dir='ltr'>privilegia</span> <span class='ocrx_word' id='word_1_226' title='bbox 755 3985 808 4022; x_wconf 91' lang='lat' dir='ltr'>non</span> <span class='ocrx_word' id='word_1_227' title='bbox 830 3970 920 4034; x_wconf 85' lang='lat' dir='ltr'>luisse,</span> <span class='ocrx_word' id='word_1_228' title='bbox 947 3968 1037 4038; x_wconf 84' lang='lat' dir='ltr'>quihus</span> <span class='ocrx_word' id='word_1_229' title='bbox 1060 3969 1143 4022; x_wconf 84' lang='lat' dir='ltr'>Sedes</span> <span class='ocrx_word' id='word_1_230' title='bbox 1166 3970 1257 4038; x_wconf 82' lang='lat' dir='ltr'>Aplica</span> 
     </span>
     <span class='ocr_line' id='line_1_32' title="bbox 118 4055 1258 4127; baseline 0.001 -18"><span class='ocrx_word' id='word_1_231' title='bbox 118 4055 224 4109; x_wconf 58' lang='lat' dir='ltr'>dorum</span> <span class='ocrx_word' id='word_1_232' title='bbox 241 4055 319 4124; x_wconf 70' lang='lat' dir='ltr'>ligata</span> <span class='ocrx_word' id='word_1_233' title='bbox 336 4057 482 4123; x_wconf 88' lang='lat' dir='ltr'>praesulum</span> <span class='ocrx_word' id='word_1_234' title='bbox 499 4057 645 4111; x_wconf 79' lang='lat' dir='ltr'>facultatem</span> <span class='ocrx_word' id='word_1_235' title='bbox 662 4058 779 4113; x_wconf 86' lang='lat' dir='ltr'>habuerit</span> <span class='ocrx_word' id='word_1_236' title='bbox 790 4058 958 4122; x_wconf 84' lang='lat' dir='ltr'>dissolvendi,</span> <span class='ocrx_word' id='word_1_237' title='bbox 975 4058 1158 4127; x_wconf 84' lang='lat' dir='ltr'>praeterquod</span> <span class='ocrx_word' id='word_1_238' title='bbox 1172 4059 1258 4126; x_wconf 82' lang='lat' dir='ltr'>prisea</span> 
     </span>
     <span class='ocr_line' id='line_1_33' title="bbox 119 4144 1257 4217; baseline 0.006 -23"><span class='ocrx_word' id='word_1_239' title='bbox 119 4158 203 4199; x_wconf 83' lang='lat' dir='ltr'>reram</span> <span class='ocrx_word' id='word_1_240' title='bbox 238 4144 389 4213; x_wconf 87' lang='lat' dir='ltr'>probatione</span> <span class='ocrx_word' id='word_1_241' title='bbox 425 4155 451 4197; x_wconf 87' lang='lat' dir='ltr'>et</span> <span class='ocrx_word' id='word_1_242' title='bbox 485 4146 661 4202; x_wconf 84' lang='lat' dir='ltr'>nonnullarum</span> <span class='ocrx_word' id='word_1_243' title='bbox 698 4148 849 4201; x_wconf 85' lang='lat' dir='ltr'>recitatione</span> <span class='ocrx_word' id='word_1_244' title='bbox 878 4148 1059 4217; x_wconf 76' lang='lat' dir='ltr'>scripturarum</span> <span class='ocrx_word' id='word_1_245' title='bbox 1090 4147 1257 4213; x_wconf 72' lang='lat' dir='ltr'>convincitur,</span> 
     </span>
     <span class='ocr_line' id='line_1_34' title="bbox 120 4230 623 4303; baseline 0.008 -20"><span class='ocrx_word' id='word_1_246' title='bbox 120 4235 214 4287; x_wconf 75' lang='lat' dir='ltr'>testis</span> <span class='ocrx_word' id='word_1_247' title='bbox 234 4241 287 4286; x_wconf 83' lang='lat' dir='ltr'>cst</span> <span class='ocrx_word' id='word_1_248' title='bbox 304 4232 330 4287; x_wconf 88' lang='lat' dir='ltr'>b.</span> <span class='ocrx_word' id='word_1_249' title='bbox 349 4230 474 4300; x_wconf 68' lang='lat' dir='ltr'>tolutim,</span> <span class='ocrx_word' id='word_1_250' title='bbox 494 4236 536 4303; x_wconf 74' lang='lat' dir='ltr'>‚qui</span> <span class='ocrx_word' id='word_1_251' title='bbox 554 4237 623 4290; x_wconf 81' lang='lat' dir='ltr'>otc.“</span> 
     </span>
    </p>
   </div>
   <div class='ocr_carea' id='block_1_16' title="bbox 0 0 1558 4838">
    <p class='ocr_par' dir='ltr' id='par_1_16' title="bbox 0 0 1558 4838">
     <span class='ocr_line' id='line_1_35' title="bbox 0 0 1558 4838; baseline 0 0"><span class='ocrx_word' id='word_1_252' title='bbox 0 0 1558 4838; x_wconf 95' lang='lat' dir='ltr'> </span> 
     </span>
    </p>
   </div>
  </div>
 </body>
</html>
