3084 4838
653 334 701 418 17

103 560 267 639 uiolentur,
304 555 438 638 denique
467 561 500 618 ut
528 555 692 635 ecciesiae,
727 556 778 618 eui
806 574 881 620 reus
908 538 1053 639 praeest,
1072 560 1143 642 jura
1167 554 1247 622 nulia

103 667 279 731 tomeritate
314 663 393 724 nuda
428 662 679 743 praesumptione
713 661 923 746 frangantur.“
968 663 1017 725 Ex
1048 663 1107 725 bae
1139 682 1248 727 norma

104 772 246 858 generali
280 768 329 830 ilie
365 785 472 830 omnes
506 774 610 849 partes
641 768 753 849 judieii
787 769 991 832 ecelesiastici
1020 770 1247 861 sapientissime

104 879 286 942 moderatus
326 880 384 939 est
444 875 526 950 Quas
561 873 631 955 eJ‘us
671 860 843 938 sententias
881 874 923 938 ita
957 874 1182 953 exhibebimus,
1217 881 1250 938 ut

104 984 236 1066 primum
260 981 298 1043 de
321 981 465 1062 personis
494 978 664 1060 injudicio
690 981 924 1044 occurrentibus
954 980 1067 1044 deinde
1092 979 1131 1043 de
1154 979 1248 1043 modo

107 1088 331 1169 aetionisipso
356 1085 429 1166 quid
452 1085 502 1146 ille
526 1085 667 1146 statuerit
689 1086 895 1166 proferamus.

210 1192 294 1255 inter
327 1207 478 1274 personas
512 1190 544 1252 in
575 1188 694 1271 judicio
730 1198 931 1254 occurrentes
965 1190 1142 1254 nominandi
1177 1197 1249 1253 sunt

99 1298 239 1383 J'udioes,
268 1304 478 1374 accusatores,
508 1302 606 1358 166166
635 1303 667 1358 61
696 1315 781 1361 reus.
824 1296 953 1360 Judiees
982 1298 1078 1381 igitur
1104 1296 1248 1361 Nicotaus

104 1404 202 1469 voluit
225 1410 258 1468 ut
281 1408 495 1483 competentes
519 1408 551 1463 et
572 1402 603 1464 in
628 1410 714 1465 nerto
738 1421 870 1466 numero
898 1409 931 1465 et
951 1402 990 1464 ab
1014 1403 1096 1465 omni
1119 1404 1247 1483 partium

105 1511 209 1575 studio
234 1510 357 1591 praevie
380 1508 471 1570 liberi
495 1514 611 1569 essent.
638 1508 696 1571 Pro
721 1527 829 1572 eorum
853 1509 1059 1591 competentia
1074 1504 1248 1590 postulavit,

103 1624 140 1681 rit
164 1617 222 1696 ipsi
245 1633 302 1677 reo
325 1612 501 1675 immediate
524 1615 702 1694 praepositi,
717 1612 737 1693 ¹)
765 1622 818 1677 aut
840 1616 867 1676 si
892 1614 972 1677 forto
997 1615 1151 1677 communi
1174 1632 1249 1696 par·

105 1722 182 1784 tium
206 1736 364 1783 consensu
386 1718 489 1797 electi,
501 1714 525 1797 ²)
559 1724 662 1780 tamen
697 1737 821 1801 semper
854 1720 892 1787 iis
926 1720 1065 1801 potiores
1098 1714 1249 1806 6666614)

106 1827 210 1902 Quare
234 1826 385 1909 judicium
417 1824 455 1889 de
485 1824 608 1889 bomine
637 1824 716 1888 laico
747 1826 797 1888 vel
825 1811 1010 1907 presbytero
1039 1827 1180 1906 proxime
1210 1825 1249 1888 ad

105 1934 286 2017 episcopum
310 1931 478 2029 proprium,
509 1930 546 1992 ad
569 1932 728 2013 primatem
754 1931 875 1994 demum
905 1950 962 2012 per
988 1932 1167 1995 eanonicam
1189 1950 1249 2014 6))-Ι

104 2039 301 2120 pellationem
323 2037 505 2119 pertineret,
511 2033 540 2110 ⁴)
571 2037 609 2099 de
634 2038 781 2118 episcopo
810 2037 847 2100 ad
871 2038 1029 2118 primatem
1053 2045 1106 2101 aut
1128 2043 1249 2100 metro·

108 2142 274 2225 politanum
316 2142 460 2204 adhibitis
496 2143 583 2223 justo
624 2160 756 2204 numero
797 2144 964 2233 episeopis
986 2140 1169 2228 finitimis,⁵)
1210 2143 1249 2230 de

108 2249 355 2330 metropolitano,
378 2249 507 2330 primate
532 2247 580 2309 vel
603 2232 773 2328 patriarcba
797 2250 834 2310 ad
861 2224 973 2311 Sedem
998 2248 1217 2329 Apostolioam,
1222 2224 1250 2337 4)

109 2355 148 2418 do
184 2355 294 2416 abbate
330 2354 470 2416 similiter
504 2352 542 2415 ad
577 2360 762 2417 conventum
795 2355 1011 2436 episcoporum
1040 2354 1248 2444 finitimorum,

61 2484 77 2501 ·
110 2459 141 2522 iu
167 2459 279 2541 quibus
303 2461 469 2540 episcopus
493 2459 660 2542 regionalis
685 2456 815 2541 esset,⁷)
837 2461 876 2523 de
899 2459 1098 2523 violatoribus
1120 2458 1249 2542 privile-

109 2566 232 2651 giorum
268 2566 507 2627 monasticorum
543 2565 678 2645 deniqne
713 2566 751 2627 ad
783 2565 963 2647 episcopum
994 2566 1153 2646 proprium
1179 2566 1249 2647 ejus

106 2674 247 2756 regionis
259 2668 287 2757 8)
311 2678 364 2735 aut
386 2671 557 2735 seeundum
581 2670 737 2752 peculiare
754 2670 902 2734 indultum
919 2670 959 2733 ad
974 2670 1251 2751 metropolitanum.

111 2778 213 2842 Sedes
229 2777 408 2859 Apostoiiea
426 2784 526 2841 antem
546 2777 584 2839 de
603 2784 665 2839 tota
683 2777 816 2841 ecelesia
829 2778 883 2860 jus
901 2764 1250 2861 baberet‘J'udicandifi)

109 2916 319 2926 ———.

146 2951 168 3016 ¹)
187 2967 228 3018 ep.
247 2950 281 3003 66
300 2953 333 3002 ad
351 2951 596 3017 nonannoeane.
615 2951 745 3019 arebiepp.
764 2968 787 3002 e.
804 2950 832 3016 2,
851 2967 892 3018 ep.
910 2949 1076 3005 84661661.
1094 2949 1117 3004 11
1133 2950 1249 3019 imperat.

52 3074 57 3081 ·
146 3043 171 3103 ²)
191 3055 232 3106 ep.
252 3037 304 3092 148
323 3039 355 3090 ad
374 3037 431 3090 Car.
451 3036 521 3089 Cala.
539 3038 571 3089 Μ.
592 3038 738 3099 6611144.
1213 3059 1216 3064 ·

112 3170 115 3177 .
143 3128 167 3196 4)
186 3143 228 3195 ep.
246 3126 281 3179 86
300 3127 332 3179 ad
352 3125 428 3179 uicta
446 3125 553 3193 impii.
572 3125 622 3180 ool.
641 3126 694 3180 644
711 3126 813 3191 „Sacris
832 3126 972 3180 canonibus
990 3126 1252 3195 praeeipientibuset

109 3216 231 3283 exemplis
256 3232 292 3267 66.
316 3224 415 3283 patrum
438 3230 550 3281 semper,
579 3215 622 3266 ubi
646 3223 686 3266 est
706 3215 788 3279 major
810 3216 941 3277 autoritas,
965 3223 1006 3266 661
1028 3214 1148 3278 eundum,
1175 3221 1202 3265 61
1222 3214 1249 3265 in

26 3352 28 3355 .
111 3305 292 3356 controversiis
310 3303 427 3355 omnibns
446 3303 479 3354 ad
496 3303 604 3370 potioria
623 3303 692 3354 radia
712 3302 810 3367 judicia
828 3302 965 3370 dirigitur.
1004 3302 1063 3355 Sim.
1083 3317 1124 3369 ep.
1143 3298 1196 3354 166
1218 3301 1252 3353 ad

111 3390 219 3442 bardam
244 3389 354 3442 66661.
373 3408 396 3443 6.
417 3390 494 3457 1656,
523 3407 565 3458 ep.
585 3390 635 3445 161
659 3390 693 3442 ad
709 3391 789 3461 ignat.
807 3390 873 3443 Patr.
897 3390 914 3443 1.
938 3406 960 3443 6.
980 3388 1059 3456 1656,
1078 3404 1119 3458 ep.
1142 3388 1195 3447 104
1210 3389 1251 3442 ad

112 3478 207 3531 olerum
227 3476 302 3531 611.
321 3494 343 3530 c.
365 3478 457 3533 1676.-

114 3571 228 3636 ⁴.)ep
244 3566 291 3620 66.
311 3566 439 3620 61162.
521 3606 543 3631 ·.

146 3657 227 3724 ⁵)ep.
247 3654 283 3709 84
301 3656 352 3719 eit,
372 3672 413 3722 ep
433 3654 468 3708 25
487 3656 519 3706 ad
538 3653 667 3708 Salomon.
685 3670 740 3723 reg.
759 3655 829 3707 Britt.
847 3655 864 3706 l
885 3673 907 3706 6
926 3654 987 3708 867.
1115 3694 1118 3699 »

147 3745 230 3810 ⁰)ep.
249 3743 284 3797 32
311 3744 344 3795 ad
371 3743 470 3794 Hinem.
488 3742 576 3794 Rbem.
604 3741 621 3794 l.
646 3759 668 3793 c.
691 3742 753 3807 822,
787 3759 829 3811 ep.
859 3743 894 3796 65
921 3741 952 3793 ad
970 3742 1098 3811 Rodaipb.
1117 3743 1247 3841 arobiepp.

113 3829 250 3882 Bitnriol.
269 3847 291 3882 e.
310 3831 372 3896 882,
389 3846 432 3900 ep
449 3829 487 3885 75
506 3830 538 3882 ad
557 3842 639 3896 oppos
658 3827 753 3881 (talliae
775 3830 792 3880 Ι.
811 3845 835 3881 6.
853 3826 914 3883 664
1137 3870 1140 3875 ι

149 3917 175 3980 4)
195 3917 469 3985 priaiimonast.Gaii.
486 3918 571 3972 6863
592 3918 623 3968 Μ.
635 3917 685 3969 661.
695 3917 756 3981 845,
774 3919 839 3985 priv.
855 3925 961 3969 monast.
977 3933 997 3969 s.
1011 3918 1113 3970 Karilafl
1127 3919 1177 3972 eob
1186 3917 1248 3973 849

147 4007 174 4069 4)
192 4000 276 4072 primi.
297 4003 397 4071 Gorbej.
417 4024 439 4060 a.
459 4006 546 4061 8661.
566 4024 590 4063 6.
608 4005 669 4069 818,
687 4007 751 4074 priv.
770 4014 877 4058 monast.
897 4023 918 4057 r.
937 4005 1039 4057 Karilefl
1057 4007 1073 4057 1.
1093 4023 1117 4058 6.

127 4096 174 4159 ’4)
193 4108 235 4161 ep.
252 4089 290 4145 ’65
309 4090 342 4142 ad
358 4093 484 4163 Rodnipb.
501 4095 552 4150 Bit.
568 4095 584 4147 i.
604 4110 627 4148 o.
647 4094 702 4148 882
727 4094 804 4160 „Sedi
821 4094 928 4163 Apiieae
950 4106 1002 4145 non
1021 4093 1103 4146 solum
1123 4094 1250 4162 quoslibet

114 4181 332 4250 metropolitanos,
352 4195 456 4249 quorum
474 4199 552 4236 eausa
571 4184 654 4235 eidem
670 4192 713 4236 661
730 4183 786 4235 redi
804 4178 913 4250 semper
925 4181 1059 4245 servanda,
1074 4185 1249 4237 verumetiam

115 4268 271 4337 patriarchas
286 4269 371 4323 moria
383 4275 424 4321 661
441 4280 490 4338 pro
496 4273 681 4340 mergentium
692 4270 811 4341 qualitate
820 4270 1000 4324 danrnmerel
1015 4271 1089 4405 {tiam
1098 4270 1252 4341 abroirem3
