3084 4838
656 316 680 386 3

97 534 129 597 in
145 530 240 605 Petro
263 524 483 610 dispositam}
506 523 620 586 firmata
636 523 790 586 Romanae
815 521 1121 603 contulitecclesiae,
1146 537 1241 603 super

98 655 190 720 quam
224 635 298 699 nihil
334 631 470 714 synodus
506 629 660 711 quaelibet
694 647 768 692 ausa
809 609 858 691 est
892 631 1001 691 merito
1038 629 1242 708 constituere,

98 762 192 825 quum
218 743 305 818 sciat,
329 737 428 813 omnia
451 736 491 797 illi
514 735 571 797 Dei
596 753 740 798 sermone
766 752 927 831 concessa.
971 733 1240 813 Dispensationem

98 851 213 930 quippe
237 842 458 923 redemptionis
482 842 606 904 humani
630 843 757 923 generis
782 886 816 903 ..
838 886 845 903 .
869 840 1022 901 Dominus
1046 839 1241 918 omnipotens

99 967 288 1015 ascensurus
311 949 348 1021 ad
373 948 480 1019 coelos
504 948 535 1009 in
548 947 676 1027 apostoli
691 947 782 1021 Petri,
806 964 863 1026 per
887 964 978 1026 quem
1002 951 1033 1023 et
1054 943 1242 1024 apostolatus¹

100 1065 135 1121 ct
155 1058 353 1137 episcopatus
377 1054 507 1133 sumpsit
537 1051 716 1130 exordium,
747 1051 949 1114 confessione
979 1067 1117 1130 curaque
1146 1067 1242 1128 prae-

100 1161 392 1243 cipue-collocavit3
417 1159 470 1238 qui
494 1164 567 1219 tunc
589 1176 646 1237 pcr
669 1174 704 1219 se
728 1163 760 1219 et
784 1156 931 1237 deinceps
956 1174 1013 1236 per·
1028 1154 1250 1218 sollicitudinis

98 1285 175 1335 suae
209 1266 364 1329 baeredes
398 1264 479 1329 circa
512 1262 676 1325 humanum
713 1276 830 1345 genus,
877 1279 956 1342 quae
997 1260 1056 1322 sibi
1090 1260 1242 1323 Dominus

98 1371 334 1448 commendavit,
370 1386 432 1435 nou
468 1368 585 1435 destitit
618 1366 799 1430 exhibere.·“
851 1366 996 1430 Similiter
1029 1366 1068 1428 ad
1101 1365 1242 1445 Plotium

97 1478 206 1547 scribit
229 1472 283 1560 (tl.
306 1475 422 1556 ep.l2
447 1493 474 1536 c.
499 1471 595 1556 786):
625 1480 773 1552 ,constat
804 1473 970 1536 Romanam
999 1470 1162 1535 ecclesiam
1186 1489 1243 1551 per

96 1582 128 1649 b.
152 1583 274 1645 Petrum
298 1579 466 1661 principem
490 1578 708 1658 apostolorum,
738 1580 790 1660 qui
814 1578 976 1640 Dominico
1001 1594 1057 1638 ore
1080 1577 1241 1657 primatum

99 1686 302 1751 ecclesiarum
331 1685 493 1763 suscipere
517 1685 707 1762 promeruit,
743 1684 879 1745 omnium
915 1682 1118 1745 ecclesiarum
1153 1687 1243 1767 eaput

99 1809 184 1870 csse,
207 1797 242 1852 et
264 1789 300 1851 ab
325 1807 362 1851 ea
385 1788 601 1852 rectitudinem
625 1795 716 1870 atque
742 1789 881 1851 ordinem
906 1789 937 1850 11
960 1788 1079 1850 cunctis
1101 1787 1242 1867 utilitati7

98 1896 158 1961 bus
188 1903 220 1959 et
247 1894 469 1958 ecelesiasticis
499 1894 1025 1974 1111111111111111...1111111111
1055 1911 1091 1954 ac
1120 1895 1242 1967 sectari.

98 2000 238 2071 111111
267 2017 465 2081 consequens
494 2007 558 2079 est,
593 2006 627 2062 ut
657 1999 740 2080 quod
770 1999 807 2061 ab
835 1999 928 2080 hujus
957 1998 1041 2061 sedis
1066 1998 1241 2063 rectoribus

98 2106 189 2187 plena
224 2107 385 2177 autoritate
421 2105 572 2183 sancitur,
608 2104 719 2166 nullius
753 2104 1241 2184 consuetudinis>praepediente

102 2212 286 2289 occasione,
321 2211 462 2292 proprias
491 2216 606 2273 tantum
636 2210 798 2290 sequendo
826 2210 1013 2288 voluntates,
1045 2217 1243 2273 removeatur

99 2317 159 2383 sed
182 2316 298 2385 firmius
327 2322 419 2395 atque
449 2315 635 2377 inconcusse
665 2316 835 2379 teneatur.“
881 2314 1049 2394 „Convenit
1072 2315 1242 2394 apostolico

100 2421 320 2498 moderamini,
355 2419 461 2498 incipit
487 2421 681 2501 privilegium
713 2421 906 2502 corbejense
940 2439 966 2482 a.
1000 2418 1064 2484 863
1100 2416 1153 2504 (Μ.
1183 2406 1241 2485 col}

100 2523 191 2611 815),
227 2524 309 2606 quod
337 2526 366 2587 b.
390 2525 498 2587 Petrus
527 2525 734 2607 apostolorum
764 2527 895 2589 eximius
925 2545 981 2606 per
1009 2525 1181 2591 attributam
1211 2534 1243 2590 et

98 2631 265 2695 revelatam
291 2631 349 2692 sibi
374 2629 517 2694 divinitus
542 2632 670 2713 gratiam
778 2631 868 2692 nobis
897 2629 1045 2713 singulari
1067 2647 1242 2714 praeroga-

100 2739 172 2817 tiva,
196 2737 283 2800 utin
307 2738 399 2798 totius
424 2735 607 2805 christianae
631 2736 793 2820 religionis
817 2737 1018 2799 universitate
1036 2737 1243 2819 principaliter

102 2842 336 2920 excelleremus,
361 2842 502 2905 contulit:
533 2850 695 2922 quatenus,
724 2842 805 2905 sicut
834 2842 981 2924 dignitate
1006 2851 1037 2906 et
1060 2844 1241 2906 auctoritate

101 2964 159 3029 per
186 2946 284 3026 ipsius
313 2938 469 3028 singulare
500 2948 693 3028 privilegium
730 2948 871 3009 omnibus
902 2950 1165 3029 praeeminemus,
1201 2949 1243 3013 ita

102 3053 316 3131 universarum
339 3050 397 3112 Dei
427 3051 627 3115 ecclesiarum
661 3051 896 3116 sollicitudinem
926 3053 1093 3120 babeamus
1118 3061 1149 3119 et
1172 3056 1242 3119 sin-

103 3157 183 3241 gulis
222 3156 397 3238 quibusque
437 3155 579 3218 fidelibus
622 3165 793 3236 opportuna
833 3159 980 3241 sullragia
1015 3160 1242 3227 conferamuss

103 3263 349 3340 ,Sollicitudinis‚
375 3261 496 3326 nobiles
519 3262 691 3343 Aquitanos
715 3263 852 3343 increpat
875 3258 1241 3346 (111111111114),

104 3378 195 3448 quam
219 3384 274 3447 pro
299 3369 452 3430 universis
477 3368 620 3430 ecclesiis
644 3367 815 3430 Dominicis
839 3369 1039 3446 sustinemus,
1068 3369 1242 3432 necessitas

103 3454 162 3536 hos
198 3471 364 3559 compellit,
403 3474 441 3536 de
477 3475 610 3536 omniurn
646 3473 779 3537 fidelium
815 3479 894 3537 statu
932 3474 1092 3557 impigram
1127 3493 1242 3558 gerere

102 3577 356 3662 providentiam.“
401 3577 516 3659 ,Unde,
541 3587 574 3642 ut
597 3580 655 3642 alio
679 3580 748 3642 loco
773 3580 815 3642 111
840 3575 906 3664 (11.
929 3579 971 3643 86
995 3579 1033 3642 ad
1056 3579 1146 3643 blich.
1169 3582 1241 3665 imp,

103 3682 310 3762 1119591,
345 3683 426 3745 siout
460 3701 521 3746 non
554 3686 622 3748 leve
658 3684 824 3747 discrimen
858 3685 1005 3746 incumbit
1032 3685 1242 3766 Pontificibus,

105 3786 228 3849 siluisse
262 3806 317 3869 pro
353 3790 518 3852 divinitatis
553 3791 635 3853 cultu
674 3797 706 3852 et
740 3789 893 3853 ecclesiae
928 3791 1123 3854 correctione
1157 3792 1242 3873 quod

105 3893 259 3972 congruit,
283 3896 323 3955 ita
345 3894 404 3974 his,
429 3894 512 3976 quod
536 3895 625 3974 absit,
649 3910 711 3956 non
736 3893 892 3957 mediocre
915 3896 1084 3977 periculum
1107 3903 1164 3974 ost,
1190 3898 1242 3977 qul

106 4015 198 4079 quum
236 3995 368 4062 debeant
401 4019 510 4081 parere
546 4001 745 4084 despiciant.“
797 4000 899 4074 Quare
929 3985 1053 4064 bis'vel
1082 4001 1241 4064 anathema
1276 3989 1278 3995 ¹

70 4146 74 4152 -
105 4102 232 4191 infligit:
267 4100 317 4181 ,st
347 4105 414 4183 quis
443 4107 586 4190 dogmata
620 4108 757 4170 mandata
791 4107 954 4170 interdicta
989 4108 1165 4170 sanctiones
1194 4108 1243 4172 vel

108 4206 233 4270 decreta
269 4196 328 4289 'pro
370 4208 518 4273 catholica
552 4213 617 4288 ‚lide
658 4232 714 4312 pro
750 4213 959 4278 ecclesiastica
988 4212 1152 4363 1disciplina
1185 4230 1241 4296 pro
