3084 4838
102 821 346 926 Nicolai
379 762 582 952 Papae
617 817 639 918 l
684 815 823 922 idea
866 815 938 919 de
974 814 1245 921 Primatu

183 1001 440 1149 Romani
477 995 808 1098 Pontificis
846 997 1174 1128 explicata.

569 1273 780 1288 m

105 1365 204 1520 De
238 1452 373 1519 doctrina
406 1451 552 1514 catholica
580 1457 641 1529 est,
678 1449 832 1514 notionem
859 1448 1048 1513 Pontificatus
1076 1447 1201 1512 Romani
1229 1466 1247 1513 a

105 1564 223 1627 Christo
257 1563 322 1641 ipso
355 1557 522 1639 prolectam
556 1563 587 1618 et
619 1556 769 1618 ecclesiae
802 1556 887 1637 quasi
922 1539 1065 1618 summam
1101 1555 1247 1636 quandam

105 1684 242 1730 normam
275 1663 396 1725 inditam
422 1680 512 1725 esse.
557 1662 621 1724 Nec
650 1668 748 1723 lamen
777 1661 847 1724 ideo
876 1660 1045 1740 dicendum,
1079 1661 1161 1723 illum
1184 1661 1247 1742 jam

107 1771 177 1833 inde
206 1770 242 1831 ab
265 1769 348 1830 initio
371 1787 493 1850 semper
516 1765 655 1846 eundem,
679 1785 830 1848 nunquam
850 1768 996 1829 variatum
1017 1765 1121 1829 luisse.
1155 1766 1248 1828 lmmo

107 1877 136 1936 in
166 1874 290 1956 singulis
321 1875 454 1954 partibus
485 1873 621 1936 excultus
645 1881 676 1935 ot
699 1873 842 1936 formatus
866 1872 945 1934 idem
969 1872 1088 1934 demum
1112 1872 1142 1932 in
1165 1879 1247 1932 tem-

104 1998 212 2061 porum
253 1978 385 2047 decursu
428 1988 489 2059 est,
534 1980 600 2059 ipse
647 1979 724 2039 sicut
762 1979 885 2058 quaevis
914 1977 1097 2040 monarchia
1134 1995 1250 2038 summe

104 2074 239 2166 legitima
263 2084 376 2164 jurium
406 2101 528 2147 suorum
551 2100 627 2142 vere
650 2082 800 2144 hIstoriam
824 2081 923 2165 hahet,
949 2117 990 2169 .-
1014 2081 1062 2144 Ex
1084 2082 1141 2143 alia
1164 2089 1249 2162 parte

105 2208 195 2252 nemo
230 2188 320 2250 facile
354 2187 528 2270 negaverit,
570 2185 652 2246 illum
685 2188 781 2266 ipsum
814 2188 894 2249 inter
931 2189 1072 2268 primaria
1107 2188 1249 2249 historiae

104 2295 285 2358 christianae
310 2301 460 2356 momenta
480 2289 651 2372 ponendum
675 2308 755 2353 esse.
790 2291 864 2353 Nam
887 2292 991 2355 saltem
1012 2299 1079 2374 post
1100 2292 1250 2354 excidium

105 2399 300 2477 occidentalis
315 2399 448 2479 imperii
476 2398 514 2459 ab
534 2414 580 2459 eo
609 2414 660 2459 res
688 2396 756 2458 iere
779 2415 883 2459 omnes
899 2405 938 2459 et
961 2398 1065 2461 civiles
1089 2406 1120 2460 et
1143 2398 1249 2460 eccle-

105 2505 245 2567 siasticae
268 2504 411 2584 impetum
435 2510 465 2564 et
487 2520 584 2584 paone
608 2501 736 2563 dixerim
752 2501 878 2565 formam
895 2502 1041 2583 quandam
1056 2510 1250 2582 acceperunt.

107 2611 208 2684 Quare
244 2616 280 2671 et
314 2628 369 2689 pro
403 2616 481 2672 statu
515 2608 650 2671 culturae
684 2615 770 2668 recte
800 2606 1013 2688 cognoscendo
1042 2614 1073 2667 et
1100 2625 1155 2686 pro
1184 2608 1251 2669 sin-

106 2713 245 2796 gularum
281 2732 383 2775 rerum
412 2716 443 2775 vi
472 2713 644 2794 effectuque
667 2714 749 2795 juste
774 2711 944 2795 judicandis
972 2712 1080 2775 summi
1109 2713 1251 2774 momenti

111 2825 168 2895 est,
192 2817 318 2878 formam
341 2819 429 2896 illius,
456 2820 550 2900 quahs
574 2820 679 2898 quovis
696 2826 831 2899 tempore
848 2817 949 2896 fuerit,
973 2818 1052 2879 hene
1068 2818 1249 2879 resciscere.
1299 2842 1302 2847 ⁴

110 2920 267 3000 Ejusmodi
296 2923 430 3007 quaestio
459 2924 602 3000 imprimis
631 2941 686 3000 pro
710 2940 786 3004 aevo
810 2923 1037 3003 Carolingorum
1060 2923 1249 2989 instituenda.

15 3010 16 3045 ³
111 3021 200 3107 ¹Quod
243 3024 320 3085 siout
362 3041 435 3103 prae
479 3024 615 3084 omnihus
653 3024 721 3085 lere
757 3017 888 3088 saeculis
926 3046 1028 3089 rerum
1066 3028 1252 3107 publicarum

110 3126 273 3208 splendore
312 3127 443 3207 excellit,
487 3128 527 3188 ita
565 3126 682 3189 abunde
720 3137 810 3209 patet,
850 3131 908 3192 tale
949 3132 1020 3211 quid
1056 3132 1109 3191 vix
1146 3134 1251 3194 Ponti-

111 3215 200 3295 lioum
223 3233 424 3296 Romanorum
458 3233 575 3296 auxiliis
609 3234 705 3295 minus
741 3252 829 3315 quam
863 3233 961 3295 Caroli
995 3235 1095 3313 magni
1129 3236 1253 3316 ingenio

112 3347 144 3401 et
182 3339 283 3400 virtuti
317 3338 506 3401 tribuendum
541 3356 620 3400 esse.
679 3340 756 3413 Quin
789 3339 846 3418 ipsi
884 3338 925 3399 illi
965 3337 1122 3400 Pontifices
1157 3348 1252 3419 erant,

112 3444 163 3524 qui
208 3442 369 3505 deficiente
411 3445 442 3504 in
486 3444 552 3505 liliis
592 3445 684 3524 patris
726 3445 849 3526 iugenio
891 3453 922 3506 et
955 3425 1134 3507 multimodis
1168 3445 1253 3507 cala-

110 3548 262 3635 mitatibus
296 3549 452 3628 imperium
486 3567 595 3612 novum
624 3536 829 3631 perdentihuq
863 3550 969 3613 saltem
996 3552 1027 3611 in
1055 3550 1255 3631 spiritualibus

113 3653 292 3734 aliquamdiu
337 3638 482 3734 publicae
521 3655 625 3715 ruinae
656 3640 847 3717 'restiterunt
893 3663 924 3716 et
968 3656 1123 3735 religionis
1168 3656 1254 3718 litte-

112 3776 275 3837 rarumque
319 3756 487 3837 profectum
526 3760 740 3822 sustinuerunt.
798 3759 880 3820 Inter
919 3777 994 3838 quos
1035 3767 1066 3820 et
1098 3761 1254 3841 ingenium

113 3854 224 3924 nullum
255 3864 360 3942 majuS,
397 3870 427 3923 ct
454 3863 554 3944 imago
583 3863 773 3925 Pontificatus
802 3862 881 3945 apud
909 3847 1060 3925 neminem
1089 3865 1255 3929 distinctius

115 3984 272 4047 expressa,
303 3986 391 4046 quam
419 3966 497 4049 apud
520 3968 674 4039 Nicolaum
697 3969 719 4030 l.
767 3970 823 4043 Qui
847 3971 923 4031 alter
946 3971 1030 4049 quasi
1054 3970 1220 4051 Gregorius
1243 3969 1256 4032 1

114 4072 268 4134 corruenti
302 4089 377 4133 aevo
411 4073 589 4135 medicinam
606 4076 725 4136 -Petrae
754 4075 862 4137 Christi
896 4083 1020 4137 strenue
1055 4084 1085 4137 et
1114 4074 1257 4138 audacter

15 4168 17 4193 ¹
115 4176 229 4255 obtulit,
261 4184 291 4238 et
313 4176 500 4238 hierarchiae
525 4178 666 4260 Gregorii
688 4179 741 4241 Vll
760 4181 822 4261 jam
846 4178 964 4261 plenam
987 4183 1119 4261 speciem
1143 4183 1255 4262 primus

1027 4287 1041 4347 1
