3084 4838
852 320 876 393 d

295 521 473 589 msceres
489 523 520 619 ¹).
534 526 602 607 „lie
625 528 769 593 omnibus
790 529 905 609 dubiis,
927 529 976 593 nel
993 530 1148 612 obscuris,
1171 531 1265 596 do'cct
1280 533 1341 598 tilio
1357 533 1453 621 loco,

295 644 376 709 quse
404 631 444 693 ad
471 637 577 697 rectae
607 631 679 696 ddei
709 640 850 698 tenorem
880 634 930 698 nel
958 635 1081 717 pietatis
1105 636 1250 720 dogmata
1271 640 1452 725 pertinent,

293 748 321 799 s.
338 732 473 801 Romana
502 738 635 801 ecclesia
664 744 698 801 ut
726 740 861 802 omnium
890 740 1092 803 ecclesiarum
1117 746 1215 806 mater
1238 751 1270 806 ct
1292 749 1452 829 magistra

294 840 400 904 nutrix
424 861 460 905 ac
483 843 604 906 doctrix
629 850 677 906 est
700 844 888 908 consulenda
919 852 951 908 et
979 847 1049 928 ejus
1072 844 1205 910 salubria
1230 852 1344 913 monita
1368 863 1451 918 eant
1518 872 1519 891 ¹

293 946 448 1009 lenends“
472 948 530 1024 (da
553 948 663 1012 divort.
687 949 776 1012 Loth.
800 957 833 1012 et
856 950 986 1014 Theutb.
1011 951 1074 1013 init.
1098 950 1176 1034 Opp.
1193 953 1216 1015 l.
1233 953 1324 1041 561).
1348 957 1449 1031 Quod

294 1050 378 1115 idem
401 1052 589 1118 Benedictus
617 1054 696 1137 l’apa
725 1055 762 1118 ab
792 1055 842 1118 illo
870 1074 980 1120 revera
1009 1073 1134 1138 semper
1161 1057 1275 1122 laetum
1300 1068 1446 1129 testatur.

295 1153 354 1238 „tlt
377 1156 507 1223 devotus
531 1158 694 1243 fidelisque
718 1162 750 1224 in
775 1161 917 1226 omnibus
934 1161 1025 1241 lilius,
1050 1163 1079 1224 ei
1097 1163 1241 1228 rescribit
1264 1166 1444 1241 (llardocia

296 1259 316 1328 l.
339 1280 366 1327 c.
382 1262 418 1344 ll,
438 1264 496 1329 col.
518 1264 610 1346 ¹01),
634 1284 690 1349 pro
715 1268 919 1331 instructione
941 1285 999 1330 seu
1023 1268 1255 1333 confirmatione
1280 1279 1443 1354 gestem·

297 1384 334 1433 sc
356 1369 534 1453 regularum
558 1371 837 1435 cccleslasticarum
868 1390 993 1455 semper
1020 1379 1053 1435 tu
1082 1373 1120 1435 ad
1149 1373 1228 1437 lianc
1250 1377 1359 1440 sedeur
1384 1399 1440 1444 re-

296 1491 427 1539 currere
450 1476 564 1541 soles.“
591 1477 656 1541 llec
678 1477 859 1540 llincmarus
884 1495 900 1540 r
924 1478 1077 1541 sententia
1101 1495 1157 1542 sua
1180 1482 1323 1557 recessit,
1347 1498 1444 1564 quun
1518 1510 1519 1519 ¹

298 1580 401 1643 vrrias
424 1596 493 1643 cum
519 1580 599 1645 Sd.
624 1583 853 1645 controversias
877 1582 1046 1646 habuisset.
1075 1582 1199 1648 Mortuo
1222 1588 1302 1649 enim
1326 1587 1445 1652 sormi-

298 1683 389 1749 drblli
412 1684 538 1750 Nicolao
562 1687 593 1751 in
617 1705 712 1751 causa
735 1688 809 1751 satis
832 1688 937 1769 iniqua
961 1696 1023 1764 (sc.
1040 1688 1192 1753 llincmari
1203 1691 1441 1768 laudunensis)

298 1788 471 1875 ublatlsqua
499 1792 558 1856 sili
586 1792 922 1856 Pseudo-isidorianis
952 1793 1157 1858 decretalibus
1183 1797 1224 1856 ita
1251 1798 1438 1858 sententium

296 1913 385 1962 susm
409 1898 522 1980 aperit:
556 1897 657 1977 „torte
681 1897 844 1960 adversum
869 1916 919 1960 me
944 1898 1046 1962 dices:
1081 1917 1157 1983 ergo
1185 1896 1372 1960 calumniaris
1395 1897 1431 1960 Sa

296 2002 335 2068 Α.
360 2003 391 2067 in
421 2020 464 2068 ss.
494 2003 565 2086 ejus
592 2001 807 2082 Pontificibus,
846 2019 885 2065 eo
916 2004 998 2084 quod
1026 2005 1104 2067 male
1134 2004 1285 2067 senserint
1310 2002 1342 2062 et
1368 2004 1437 2064 noir

297 2108 432 2171 tenenda
469 2106 676 2170 decreverint.
724 2106 812 2170 Unde
852 2108 907 2171 tibi
946 2110 1141 2190 respondeo:
1187 2108 1259 2173 illas·
1291 2105 1440 2187 epistolas

296 2218 474 2276 sanctorum
499 2219 531 2275 et
553 2211 791 2294 apostolicorum
815 2215 949 2277 uirorum
972 2214 1103 2276 diversis
1125 2213 1313 2295 temporibus
1327 2229 1442 2293 ...pro

299 2319 494 2384 diversorum
523 2318 737 2383 consolatione
772 2318 826 2395 (al.
857 2318 1100 2393 consultatione)
1135 2317 1206 2382 aS.
1229 2317 1267 2380 Α.
1297 2316 1384 2379 datas
1408 2322 1444 2379 et

296 2441 356 2506 per
389 2422 518 2486 eosdem
551 2422 611 2485 Dei
645 2422 825 2486 sacerdotes
950 2423 1108 2486 ordinatus
1147 2442 1216 2487 cum
1252 2423 1280 2486 b.
1316 2421 1442 2485 Gelasio

299 2527 519 2593 venerabiliter
545 2528 760 2610 suscipiendas
789 2527 869 2591 dico.
919 2528 1006 2604 Quae
1041 2530 1106 2591 sais
1140 2528 1329 2610 temporibus
1359 2545 1443 2591 con·-

301 2641 451 2719 pruentes
475 2640 572 2714 erant,
597 2633 698 2698 donec
721 2651 778 2716 per
799 2651 886 2696 sacra
911 2634 1041 2697 concilia
1058 2642 1161 2716 patres
1176 2634 1275 2697 nostri
1297 2634 1329 2694 in
1346 2650 1441 2695 uanus

301 2739 525 2803 convenientes
549 2745 742 2822 suggerente
761 2738 885 2801 sibimet
903 2740 1017 2820 Spiritu
1039 2745 1145 2802 saneto
1163 2755 1321 2801 mansuras
1339 2755 1441 2818 usque

294 2844 333 2908 ‚in
356 2842 447 2907 sunem
471 2844 587 2908 saeculi
610 2843 699 2926 leges
723 2842 956 2907 condiderunt.“
981 2845 1129 2928 (capitula
1150 2842 1211 2906 tv.
1235 2842 1303 2904 adv.
1321 2841 1440 2904 llincns.

298 2950 395 3015 Laud.
419 2968 446 3013 c.
469 2951 522 3014 25.
547 2949 623 3031 0pp.
647 2949 684 3029 ll,
707 2945 798 3033 483).

406 3052 470 3118 Sed
493 3061 525 3117 et
547 3054 658 3135 synodi
680 3054 760 3117 illius
784 3056 931 3136 temporis
949 3072 1011 3117 non
1031 3054 1131 3117 minus
1146 3052 1274 3115 Romani
1286 3049 1440 3114 Pontificio

294 3157 508 3222 universalem
535 3160 911 3242 primatumpraedicsnt.
945 3141 1009 3221 Em
1034 3177 1081 3238 gr.
1111 3173 1178 3233 syn.
1208 3155 1293 3215 l’sris
1322 3173 1350 3216 a.
1377 3155 1441 3219 849

302 3265 334 3329 in
357 3284 407 3349 ep.
432 3266 471 3331 ad
491 3266 696 3331 Nomenoium
722 3267 830 3329 ducem
856 3263 964 3340 (llard.
987 3262 1007 3320 l.
1031 3277 1058 3318 e.
1085 3257 1119 3316 V.
1143 3254 1219 3326 20):
1249 3259 1341 3333 „satis
1364 3260 1442 3324 haec

300 3370 341 3436 ad
364 3380 444 3435 tuam
467 3374 672 3452 perditionem
697 3369 911 3438 sufficiebant3
958 3360 1014 3422 sed
1045 3360 1082 3421 ad
1112 3358 1264 3423 cumulum
1293 3364 1440 3429 malornm

302 3478 416 3541 auxisti
449 3475 654 3538 temeritatem
689 3476 719 3531 et
754 3484 874 3530 omnem
909 3466 1027 3529 laesisti
1063 3464 1331 3548 christianitatem,
1369 3471 1438 3531 dum

301 3583 449 3645 vicariurn
477 3578 508 3641 b.
537 3576 618 3639 Petri
648 3571 867 3655 apostolicum,
903 3574 952 3636 cui
989 3572 1074 3634 dedit
1102 3572 1187 3636 Deus
1216 3577 1371 3656 primatum
1404 3569 1436 3629 in

303 3686 385 3748 omni
409 3684 485 3745 orbo
508 3689 669 3759 terrarum,
703 3679 876 3761 sprevisti.“
922 3679 995 3762 Syn.
1018 3679 1206 3763 Aquisgran.
1236 3696 1262 3737 a.
1291 3672 1364 3735 860.
1388 3689 1436 3753 ep.

303 3791 342 3854 ud
369 3788 436 3851 llic.
466 3789 508 3850 ita
537 3787 660 3868 incipit:
695 3785 889 3867 „apostolicis
925 3786 1118 3850 documentis
1153 3791 1185 3847 et
1216 3777 1438 3864 pontificalibus
1515 3834 1516 3864 p

304 3894 438 3959 decretis
463 3893 667 3976 multipliciter
689 3892 900 3974 informamur,
929 3902 962 3958 ut
983 3894 1079 3956 vestri
1103 3889 1287 3954 sanctissimi
1310 3890 1438 3967 aposto*

301 4002 380 4067 latus
404 4001 532 4081 apicem,
556 4001 701 4081 principis
723 4000 930 4081 apostolorum
949 4000 1008 4061 fide
1026 4005 1057 4060 et
1072 3997 1197 4058 nomine
1215 3997 1438 4073 consecratum,

294 4107 426 4189 ¹quoties
449 4125 475 4172 s.
500 4108 632 4172 ecclesia
655 4107 754 4189 aliqua
777 4107 910 4170 navitae
933 4104 1080 4187 pulsatur,
1104 4100 1261 4167 humiliter
1281 4099 1436 4179 adeamus,

307 4216 517 4228 --——-.....

294 4200 299 4209 ὁ
338 4249 364 4316 ¹)
384 4249 416 4303 dc
434 4251 562 4320 praedest.
582 4248 641 4305 c..4
659 4257 684 4301 et
701 4246 744 4304 24.
768 4245 848 4314 (Opp.
866 4244 886 4309 l,
904 4260 929 4311 p.
949 4240 984 4298 24
1002 4249 1028 4294 ct
1048 4239 1123 4306 152).
