<?xml version="1.0" encoding="UTF-8"?>
<!DOCTYPE html PUBLIC "-//W3C//DTD XHTML 1.0 Transitional//EN"
    "http://www.w3.org/TR/xhtml1/DTD/xhtml1-transitional.dtd">
<html xmlns="http://www.w3.org/1999/xhtml" xml:lang="en" lang="en">
 <head>
  <title>
</title>
<meta http-equiv="Content-Type" content="text/html;charset=utf-8" />
  <meta name='ocr-system' content='tesseract 3.04.00' />
  <meta name='ocr-capabilities' content='ocr_page ocr_carea ocr_par ocr_line ocrx_word'/>
</head>
<body>
  <div class='ocr_page' id='page_1' title='image "./denicolaopapaic00thiegoog_0081.png"; bbox 0 0 3084 4838; ppageno 0'>
   <div class='ocr_carea' id='block_1_1' title="bbox 832 321 884 395">
    <p class='ocr_par' dir='ltr' id='par_1_1' title="bbox 832 321 884 395">
     <span class='ocr_line' id='line_1_1' title="bbox 832 321 884 395; baseline -0.038 0"><span class='ocrx_word' id='word_1_1' title='bbox 832 321 884 395; x_wconf 88' lang='grc'>18</span> 
     </span>
    </p>
   </div>
   <div class='ocr_carea' id='block_1_2' title="bbox 285 523 1445 921">
    <p class='ocr_par' dir='ltr' id='par_1_2' title="bbox 285 523 1445 921">
     <span class='ocr_line' id='line_1_2' title="bbox 285 523 1442 608; baseline 0.004 -24"><span class='ocrx_word' id='word_1_2' title='bbox 285 523 325 585; x_wconf 89' lang='lat' dir='ltr'>ab</span> <span class='ocrx_word' id='word_1_3' title='bbox 341 523 523 587; x_wconf 87' lang='lat' dir='ltr'>llontbenrio</span> <span class='ocrx_word' id='word_1_4' title='bbox 535 523 648 589; x_wconf 80' lang='lat' dir='ltr'>iubist.</span> <span class='ocrx_word' id='word_1_5' title='bbox 666 527 741 591; x_wconf 89' lang='lat' dir='ltr'>cccl.</span> <span class='ocrx_word' id='word_1_6' title='bbox 757 529 873 591; x_wconf 83' lang='lat' dir='ltr'>Treuir.</span> <span class='ocrx_word' id='word_1_7' title='bbox 889 528 912 608; x_wconf 90' lang='lat' dir='ltr'>l,</span> <span class='ocrx_word' id='word_1_8' title='bbox 931 527 993 590; x_wconf 79' lang='lat'>197</span> <span class='ocrx_word' id='word_1_9' title='bbox 1010 527 1110 589; x_wconf 89' lang='lat' dir='ltr'>editae</span> <span class='ocrx_word' id='word_1_10' title='bbox 1127 525 1248 607; x_wconf 79' lang='lat' dir='ltr'>(lligue</span> <span class='ocrx_word' id='word_1_11' title='bbox 1263 526 1328 589; x_wconf 80' lang='lat' dir='ltr'>lc.</span> <span class='ocrx_word' id='word_1_12' title='bbox 1344 525 1442 605; x_wconf 73' lang='grc'>782),</span> 
     </span>
     <span class='ocr_line' id='line_1_3' title="bbox 287 630 1444 716; baseline 0.004 -25"><span class='ocrx_word' id='word_1_13' title='bbox 287 631 378 693; x_wconf 84' lang='lat' dir='ltr'>utiam</span> <span class='ocrx_word' id='word_1_14' title='bbox 411 649 428 692; x_wconf 93' lang='lat' dir='ltr'>a</span> <span class='ocrx_word' id='word_1_15' title='bbox 457 630 637 711; x_wconf 88' lang='lat' dir='ltr'>juramentis</span> <span class='ocrx_word' id='word_1_16' title='bbox 665 640 696 695; x_wconf 89' lang='lat' dir='ltr'>et</span> <span class='ocrx_word' id='word_1_17' title='bbox 724 635 930 716; x_wconf 78' lang='lat' dir='ltr'>cujuscunque</span> <span class='ocrx_word' id='word_1_18' title='bbox 960 631 1038 695; x_wconf 90' lang='lat' dir='ltr'>modi</span> <span class='ocrx_word' id='word_1_19' title='bbox 1067 631 1298 713; x_wconf 77' lang='lat' dir='ltr'>obligationibus</span> <span class='ocrx_word' id='word_1_20' title='bbox 1326 632 1444 714; x_wconf 86' lang='lat' dir='ltr'>injuste</span> 
     </span>
     <span class='ocr_line' id='line_1_4' title="bbox 288 716 1445 819; baseline 0.003 -22"><span class='ocrx_word' id='word_1_21' title='bbox 288 716 444 816; x_wconf 84' lang='lat' dir='ltr'>expressis</span> <span class='ocrx_word' id='word_1_22' title='bbox 476 730 694 799; x_wconf 87' lang='lat' dir='ltr'>absolutionem</span> <span class='ocrx_word' id='word_1_23' title='bbox 727 738 879 819; x_wconf 87' lang='lat' dir='ltr'>impertiit.</span> <span class='ocrx_word' id='word_1_24' title='bbox 924 739 1039 801; x_wconf 89' lang='lat' dir='ltr'>Verum</span> <span class='ocrx_word' id='word_1_25' title='bbox 1072 736 1230 799; x_wconf 81' lang='lat' dir='ltr'>confictam</span> <span class='ocrx_word' id='word_1_26' title='bbox 1258 736 1337 799; x_wconf 89' lang='lat' dir='ltr'>illam</span> <span class='ocrx_word' id='word_1_27' title='bbox 1368 739 1445 819; x_wconf 80' lang='lat' dir='ltr'>epi-</span> 
     </span>
     <span class='ocr_line' id='line_1_5' title="bbox 286 841 977 921; baseline 0.007 -17"><span class='ocrx_word' id='word_1_28' title='bbox 286 841 394 904; x_wconf 86' lang='lat' dir='ltr'>stolam</span> <span class='ocrx_word' id='word_1_29' title='bbox 417 859 498 921; x_wconf 87' lang='lat' dir='ltr'>esse,</span> <span class='ocrx_word' id='word_1_30' title='bbox 522 841 595 905; x_wconf 89' lang='lat' dir='ltr'>satis</span> <span class='ocrx_word' id='word_1_31' title='bbox 617 850 853 908; x_wconf 87' lang='lat' dir='ltr'>consentaneum</span> <span class='ocrx_word' id='word_1_32' title='bbox 877 853 933 909; x_wconf 89' lang='lat' dir='ltr'>est.</span> <span class='ocrx_word' id='word_1_33' title='bbox 950 843 977 919; x_wconf 94' lang='lat'>¹)</span> 
     </span>
    </p>
   </div>
   <div class='ocr_carea' id='block_1_3' title="bbox 286 1050 1540 1673">
    <p class='ocr_par' dir='ltr' id='par_1_3' title="bbox 286 1050 1540 1673">
     <span class='ocr_line' id='line_1_6' title="bbox 287 1050 1446 1138; baseline 0.004 -21"><span class='ocrx_word' id='word_1_34' title='bbox 287 1122 291 1130; x_wconf 57' lang='grc'>,</span> <span class='ocrx_word' id='word_1_35' title='bbox 397 1062 417 1131; x_wconf 87' lang='lat'>¹)</span> <span class='ocrx_word' id='word_1_36' title='bbox 437 1065 580 1132; x_wconf 73' lang='lat' dir='ltr'>suspectae</span> <span class='ocrx_word' id='word_1_37' title='bbox 604 1069 665 1121; x_wconf 89' lang='lat' dir='ltr'>fidei</span> <span class='ocrx_word' id='word_1_38' title='bbox 687 1070 753 1124; x_wconf 87' lang='lat' dir='ltr'>banc</span> <span class='ocrx_word' id='word_1_39' title='bbox 777 1071 912 1138; x_wconf 83' lang='lat' dir='ltr'>epistolam</span> <span class='ocrx_word' id='word_1_40' title='bbox 932 1063 991 1125; x_wconf 79' lang='lat' dir='ltr'>erse</span> <span class='ocrx_word' id='word_1_41' title='bbox 1004 1070 1060 1136; x_wconf 88' lang='lat' dir='ltr'>jam</span> <span class='ocrx_word' id='word_1_42' title='bbox 1079 1070 1174 1121; x_wconf 90' lang='lat' dir='ltr'>dudum</span> <span class='ocrx_word' id='word_1_43' title='bbox 1192 1069 1241 1122; x_wconf 83' lang='lat' dir='ltr'>viri</span> <span class='ocrx_word' id='word_1_44' title='bbox 1258 1050 1330 1120; x_wconf 68' lang='lat' dir='ltr'>desti</span> <span class='ocrx_word' id='word_1_45' title='bbox 1349 1069 1446 1122; x_wconf 85' lang='lat' dir='ltr'>decla-</span> 
     </span>
     <span class='ocr_line' id='line_1_7' title="bbox 289 1153 1447 1226; baseline 0.007 -22"><span class='ocrx_word' id='word_1_46' title='bbox 289 1161 378 1205; x_wconf 85' lang='lat' dir='ltr'>rarunt</span> <span class='ocrx_word' id='word_1_47' title='bbox 400 1153 433 1207; x_wconf 85' lang='lat' dir='ltr'>ci.</span> <span class='ocrx_word' id='word_1_48' title='bbox 453 1170 477 1207; x_wconf 85' lang='lat' dir='ltr'>c.</span> <span class='ocrx_word' id='word_1_49' title='bbox 495 1154 522 1209; x_wconf 91' lang='grc'>2.</span> <span class='ocrx_word' id='word_1_50' title='bbox 539 1153 569 1214; x_wconf 80' lang='grc' dir='ltr'>Ο,</span> <span class='ocrx_word' id='word_1_51' title='bbox 587 1156 640 1211; x_wconf 80' lang='lat' dir='ltr'>XV.</span> <span class='ocrx_word' id='word_1_52' title='bbox 659 1174 703 1226; x_wconf 80' lang='lat' dir='ltr'>qu.</span> <span class='ocrx_word' id='word_1_53' title='bbox 721 1160 747 1214; x_wconf 80' lang='grc'>6.</span> <span class='ocrx_word' id='word_1_54' title='bbox 772 1159 815 1214; x_wconf 85' lang='lat' dir='ltr'>ed.</span> <span class='ocrx_word' id='word_1_55' title='bbox 838 1159 942 1212; x_wconf 77' lang='lat' dir='ltr'>Richter</span> <span class='ocrx_word' id='word_1_56' title='bbox 963 1168 1017 1213; x_wconf 88' lang='lat' dir='ltr'>not.</span> <span class='ocrx_word' id='word_1_57' title='bbox 1036 1158 1079 1223; x_wconf 81' lang='lat' dir='ltr'>rt,</span> <span class='ocrx_word' id='word_1_58' title='bbox 1101 1157 1167 1210; x_wconf 78' lang='lat' dir='ltr'>tane</span> <span class='ocrx_word' id='word_1_59' title='bbox 1190 1158 1318 1225; x_wconf 52' lang='lat' dir='ltr'>‚segesta</span> <span class='ocrx_word' id='word_1_60' title='bbox 1337 1157 1447 1212; x_wconf 81' lang='lat' dir='ltr'>Pontiti.</span> 
     </span>
     <span class='ocr_line' id='line_1_8' title="bbox 288 1241 1447 1316; baseline 0.004 -25"><span class='ocrx_word' id='word_1_61' title='bbox 288 1257 314 1295; x_wconf 89' lang='lat' dir='ltr'>u.</span> <span class='ocrx_word' id='word_1_62' title='bbox 333 1241 412 1295; x_wconf 79' lang='lat'><strong>2027.</strong></span> <span class='ocrx_word' id='word_1_63' title='bbox 437 1242 550 1305; x_wconf 81' lang='lat' dir='ltr'>Quorum</span> <span class='ocrx_word' id='word_1_64' title='bbox 569 1246 681 1297; x_wconf 88' lang='lat' dir='ltr'>rationes</span> <span class='ocrx_word' id='word_1_65' title='bbox 700 1246 759 1298; x_wconf 89' lang='lat' dir='ltr'>mibi</span> <span class='ocrx_word' id='word_1_66' title='bbox 779 1247 881 1316; x_wconf 88' lang='lat' dir='ltr'>quidem</span> <span class='ocrx_word' id='word_1_67' title='bbox 899 1263 951 1298; x_wconf 91' lang='lat' dir='ltr'>non</span> <span class='ocrx_word' id='word_1_68' title='bbox 970 1247 1069 1312; x_wconf 86' lang='lat' dir='ltr'>adsunt,</span> <span class='ocrx_word' id='word_1_69' title='bbox 1089 1246 1136 1298; x_wconf 89' lang='lat' dir='ltr'>sed</span> <span class='ocrx_word' id='word_1_70' title='bbox 1155 1249 1214 1312; x_wconf 85' lang='lat' dir='ltr'>ipse</span> <span class='ocrx_word' id='word_1_71' title='bbox 1231 1244 1297 1296; x_wconf 84' lang='lat' dir='ltr'>illam</span> <span class='ocrx_word' id='word_1_72' title='bbox 1307 1244 1447 1301; x_wconf 85' lang='lat' dir='ltr'>Nicolaol</span> 
     </span>
     <span class='ocr_line' id='line_1_9' title="bbox 286 1318 1442 1400; baseline 0.004 -21"><span class='ocrx_word' id='word_1_73' title='bbox 286 1318 396 1393; x_wconf 60' lang='lat' dir='ltr'>&#39;prorsus</span> <span class='ocrx_word' id='word_1_74' title='bbox 421 1330 485 1381; x_wconf 82' lang='lat' dir='ltr'>sulse</span> <span class='ocrx_word' id='word_1_75' title='bbox 510 1331 593 1398; x_wconf 85' lang='lat' dir='ltr'>tribui,</span> <span class='ocrx_word' id='word_1_76' title='bbox 621 1350 650 1384; x_wconf 85' lang='lat' dir='ltr'>re</span> <span class='ocrx_word' id='word_1_77' title='bbox 672 1351 735 1387; x_wconf 85' lang='lat' dir='ltr'>vera</span> <span class='ocrx_word' id='word_1_78' title='bbox 753 1334 891 1386; x_wconf 86' lang='lat' dir='ltr'>Nicolaill</span> <span class='ocrx_word' id='word_1_79' title='bbox 913 1352 973 1387; x_wconf 88' lang='lat' dir='ltr'>esse</span> <span class='ocrx_word' id='word_1_80' title='bbox 996 1349 1044 1400; x_wconf 85' lang='lat' dir='ltr'>pro</span> <span class='ocrx_word' id='word_1_81' title='bbox 1069 1342 1141 1385; x_wconf 87' lang='lat' dir='ltr'>certo</span> <span class='ocrx_word' id='word_1_82' title='bbox 1162 1332 1257 1385; x_wconf 87' lang='lat' dir='ltr'>babeo.</span> <span class='ocrx_word' id='word_1_83' title='bbox 1276 1332 1442 1384; x_wconf 87' lang='lat' dir='ltr'>—Primum</span> 
     </span>
     <span class='ocr_line' id='line_1_10' title="bbox 291 1408 1540 1495; baseline 0.007 -29"><span class='ocrx_word' id='word_1_84' title='bbox 291 1408 391 1483; x_wconf 85' lang='lat' dir='ltr'>quidem</span> <span class='ocrx_word' id='word_1_85' title='bbox 416 1426 525 1483; x_wconf 87' lang='lat' dir='ltr'>constat,</span> <span class='ocrx_word' id='word_1_86' title='bbox 556 1437 620 1485; x_wconf 86' lang='lat' dir='ltr'>eam,</span> <span class='ocrx_word' id='word_1_87' title='bbox 651 1422 671 1473; x_wconf 91' lang='lat' dir='ltr'>si</span> <span class='ocrx_word' id='word_1_88' title='bbox 695 1439 758 1474; x_wconf 78' lang='lat' dir='ltr'>uere</span> <span class='ocrx_word' id='word_1_89' title='bbox 782 1425 893 1490; x_wconf 85' lang='lat' dir='ltr'>genuina</span> <span class='ocrx_word' id='word_1_90' title='bbox 917 1431 996 1488; x_wconf 85' lang='lat' dir='ltr'>esset,</span> <span class='ocrx_word' id='word_1_91' title='bbox 1026 1422 1113 1489; x_wconf 89' lang='lat' dir='ltr'>utique</span> <span class='ocrx_word' id='word_1_92' title='bbox 1132 1422 1197 1471; x_wconf 90' lang='lat' dir='ltr'>iutra</span> <span class='ocrx_word' id='word_1_93' title='bbox 1215 1421 1327 1484; x_wconf 89' lang='lat' dir='ltr'>spatium</span> <span class='ocrx_word' id='word_1_94' title='bbox 1347 1437 1370 1470; x_wconf 87' lang='lat' dir='ltr'>a.</span> <span class='ocrx_word' id='word_1_95' title='bbox 1389 1420 1446 1475; x_wconf 75' lang='lat'>859</span> <span class='ocrx_word' id='word_1_96' title='bbox 1536 1482 1540 1495; x_wconf 50' lang='grc' dir='ltr'>Ι</span> 
     </span>
     <span class='ocr_line' id='line_1_11' title="bbox 286 1494 1446 1578; baseline 0.007 -26"><span class='ocrx_word' id='word_1_97' title='bbox 286 1494 317 1554; x_wconf 73' lang='lat' dir='ltr'>³et</span> <span class='ocrx_word' id='word_1_98' title='bbox 333 1504 388 1558; x_wconf 81' lang='grc'>862</span> <span class='ocrx_word' id='word_1_99' title='bbox 405 1506 550 1570; x_wconf 87' lang='lat' dir='ltr'>ponendam</span> <span class='ocrx_word' id='word_1_100' title='bbox 569 1525 637 1574; x_wconf 80' lang='lat' dir='ltr'>esre,</span> <span class='ocrx_word' id='word_1_101' title='bbox 661 1526 711 1578; x_wconf 85' lang='lat' dir='ltr'>quo</span> <span class='ocrx_word' id='word_1_102' title='bbox 730 1526 797 1562; x_wconf 90' lang='lat' dir='ltr'>anno</span> <span class='ocrx_word' id='word_1_103' title='bbox 816 1510 996 1578; x_wconf 78' lang='lat' dir='ltr'>theutgaudus</span> <span class='ocrx_word' id='word_1_104' title='bbox 1015 1509 1169 1560; x_wconf 80' lang='lat' dir='ltr'>Treviranus</span> <span class='ocrx_word' id='word_1_105' title='bbox 1188 1507 1311 1558; x_wconf 78' lang='lat' dir='ltr'>facinoris</span> <span class='ocrx_word' id='word_1_106' title='bbox 1330 1508 1446 1560; x_wconf 77' lang='lat' dir='ltr'>Lotbarri</span> 
     </span>
     <span class='ocr_line' id='line_1_12' title="bbox 286 1592 1447 1673; baseline 0.003 -29"><span class='ocrx_word' id='word_1_107' title='bbox 286 1592 410 1656; x_wconf 83' lang='lat' dir='ltr'>complex</span> <span class='ocrx_word' id='word_1_108' title='bbox 428 1592 481 1657; x_wconf 82' lang='lat' dir='ltr'>jam</span> <span class='ocrx_word' id='word_1_109' title='bbox 505 1594 578 1648; x_wconf 90' lang='lat' dir='ltr'>nimis</span> <span class='ocrx_word' id='word_1_110' title='bbox 608 1611 669 1650; x_wconf 82' lang='lat' dir='ltr'>reus</span> <span class='ocrx_word' id='word_1_111' title='bbox 699 1599 767 1663; x_wconf 90' lang='lat' dir='ltr'>apud</span> <span class='ocrx_word' id='word_1_112' title='bbox 790 1597 921 1650; x_wconf 80' lang='lat' dir='ltr'>Nicolaum</span> <span class='ocrx_word' id='word_1_113' title='bbox 947 1599 1049 1661; x_wconf 80' lang='lat' dir='ltr'>exstitit,</span> <span class='ocrx_word' id='word_1_114' title='bbox 1080 1612 1155 1664; x_wconf 87' lang='lat' dir='ltr'>quam</span> <span class='ocrx_word' id='word_1_115' title='bbox 1184 1602 1212 1645; x_wconf 88' lang='lat' dir='ltr'>ut</span> <span class='ocrx_word' id='word_1_116' title='bbox 1238 1594 1281 1646; x_wconf 88' lang='lat' dir='ltr'>hic</span> <span class='ocrx_word' id='word_1_117' title='bbox 1309 1595 1356 1647; x_wconf 86' lang='lat' dir='ltr'>tali</span> <span class='ocrx_word' id='word_1_118' title='bbox 1386 1597 1447 1673; x_wconf 79' lang='lat' dir='ltr'>data</span> 
     </span>
    </p>
   </div>
   <div class='ocr_carea' id='block_1_4' title="bbox 284 1681 1540 1755">
    <p class='ocr_par' dir='ltr' id='par_1_4' title="bbox 284 1681 1540 1755">
     <span class='ocr_line' id='line_1_13' title="bbox 284 1681 1540 1755; baseline 0.005 -24"><span class='ocrx_word' id='word_1_119' title='bbox 284 1681 430 1745; x_wconf 76' lang='lat' dir='ltr'>occasione</span> <span class='ocrx_word' id='word_1_120' title='bbox 456 1681 479 1732; x_wconf 88' lang='lat' dir='ltr'>ci</span> <span class='ocrx_word' id='word_1_121' title='bbox 502 1689 596 1735; x_wconf 84' lang='lat' dir='ltr'>tantam</span> <span class='ocrx_word' id='word_1_122' title='bbox 621 1686 698 1738; x_wconf 89' lang='lat' dir='ltr'>fidem</span> <span class='ocrx_word' id='word_1_123' title='bbox 721 1694 867 1755; x_wconf 83' lang='lat' dir='ltr'>tantamque</span> <span class='ocrx_word' id='word_1_124' title='bbox 889 1687 1051 1738; x_wconf 74' lang='lat' dir='ltr'>autoritatem</span> <span class='ocrx_word' id='word_1_125' title='bbox 1072 1684 1188 1735; x_wconf 84' lang='lat' dir='ltr'>tribuerit</span> <span class='ocrx_word' id='word_1_126' title='bbox 1206 1682 1241 1747; x_wconf 87' lang='lat' dir='ltr'>(a.</span> <span class='ocrx_word' id='word_1_127' title='bbox 1259 1683 1314 1737; x_wconf 88' lang='grc'>863</span> <span class='ocrx_word' id='word_1_128' title='bbox 1333 1685 1378 1736; x_wconf 86' lang='lat' dir='ltr'>vel</span> <span class='ocrx_word' id='word_1_129' title='bbox 1397 1701 1451 1736; x_wconf 74' lang='lat' dir='ltr'>ex·</span> <span class='ocrx_word' id='word_1_130' title='bbox 1538 1728 1540 1747; x_wconf 59' lang='lat'>,</span> 
     </span>
    </p>
   </div>
   <div class='ocr_carea' id='block_1_5' title="bbox 292 1770 1447 1843">
    <p class='ocr_par' dir='ltr' id='par_1_5' title="bbox 292 1770 1447 1843">
     <span class='ocr_line' id='line_1_14' title="bbox 292 1770 1447 1843; baseline 0.007 -26"><span class='ocrx_word' id='word_1_131' title='bbox 292 1770 491 1820; x_wconf 88' lang='lat' dir='ltr'>communicatus</span> <span class='ocrx_word' id='word_1_132' title='bbox 519 1778 577 1823; x_wconf 91' lang='lat' dir='ltr'>ante</span> <span class='ocrx_word' id='word_1_133' title='bbox 593 1773 762 1843; x_wconf 37' lang='lat' dir='ltr'>,impetratam</span> <span class='ocrx_word' id='word_1_134' title='bbox 788 1774 1023 1826; x_wconf 79' lang='lat' dir='ltr'>reconciliationem</span> <span class='ocrx_word' id='word_1_135' title='bbox 1050 1789 1075 1827; x_wconf 83' lang='lat' dir='ltr'>a.</span> <span class='ocrx_word' id='word_1_136' title='bbox 1101 1771 1153 1826; x_wconf 80' lang='lat'>867</span> <span class='ocrx_word' id='word_1_137' title='bbox 1182 1787 1197 1823; x_wconf 86' lang='lat' dir='ltr'>e</span> <span class='ocrx_word' id='word_1_138' title='bbox 1224 1772 1291 1822; x_wconf 81' lang='lat' dir='ltr'>vivis</span> <span class='ocrx_word' id='word_1_139' title='bbox 1320 1771 1447 1825; x_wconf 82' lang='lat' dir='ltr'>decessit.</span> 
     </span>
    </p>
   </div>
   <div class='ocr_carea' id='block_1_6' title="bbox 289 1854 1538 1928">
    <p class='ocr_par' dir='ltr' id='par_1_6' title="bbox 289 1854 1538 1928">
     <span class='ocr_line' id='line_1_15' title="bbox 289 1854 1538 1928; baseline 0.005 -25"><span class='ocrx_word' id='word_1_140' title='bbox 289 1854 391 1908; x_wconf 90' lang='lat' dir='ltr'>llincm.</span> <span class='ocrx_word' id='word_1_141' title='bbox 411 1872 469 1910; x_wconf 85' lang='lat' dir='ltr'>ann.</span> <span class='ocrx_word' id='word_1_142' title='bbox 487 1857 539 1911; x_wconf 84' lang='grc'>867</span> <span class='ocrx_word' id='word_1_143' title='bbox 559 1861 600 1911; x_wconf 89' lang='lat' dir='ltr'>ed.</span> <span class='ocrx_word' id='word_1_144' title='bbox 619 1861 721 1916; x_wconf 86' lang='lat' dir='ltr'>Pertzl.</span> <span class='ocrx_word' id='word_1_145' title='bbox 738 1863 812 1928; x_wconf 83' lang='grc'><strong>476).</strong></span> <span class='ocrx_word' id='word_1_146' title='bbox 841 1861 893 1913; x_wconf 88' lang='lat' dir='ltr'>Sed</span> <span class='ocrx_word' id='word_1_147' title='bbox 911 1861 1005 1912; x_wconf 79' lang='lat' dir='ltr'>frustra</span> <span class='ocrx_word' id='word_1_148' title='bbox 1024 1862 1093 1911; x_wconf 87' lang='lat' dir='ltr'>circa</span> <span class='ocrx_word' id='word_1_149' title='bbox 1110 1859 1173 1910; x_wconf 91' lang='lat' dir='ltr'>illud</span> <span class='ocrx_word' id='word_1_150' title='bbox 1193 1869 1293 1924; x_wconf 79' lang='lat' dir='ltr'>ternpus</span> <span class='ocrx_word' id='word_1_151' title='bbox 1311 1859 1338 1908; x_wconf 91' lang='lat' dir='ltr'>in</span> <span class='ocrx_word' id='word_1_152' title='bbox 1357 1875 1445 1909; x_wconf 89' lang='lat' dir='ltr'>anna·</span> <span class='ocrx_word' id='word_1_153' title='bbox 1536 1882 1538 1895; x_wconf 56' lang='grc' dir='ltr'>ι</span> 
     </span>
    </p>
   </div>
   <div class='ocr_carea' id='block_1_7' title="bbox 285 1932 1449 2717">
    <p class='ocr_par' dir='ltr' id='par_1_7' title="bbox 285 1932 1449 2717">
     <span class='ocr_line' id='line_1_16' title="bbox 286 1932 1440 2023; baseline 0.003 -33"><span class='ocrx_word' id='word_1_154' title='bbox 286 1932 355 1992; x_wconf 82' lang='lat' dir='ltr'>libus</span> <span class='ocrx_word' id='word_1_155' title='bbox 379 1944 496 1996; x_wconf 86' lang='lat' dir='ltr'>omnibus</span> <span class='ocrx_word' id='word_1_156' title='bbox 520 1947 602 1998; x_wconf 88' lang='lat' dir='ltr'>simile</span> <span class='ocrx_word' id='word_1_157' title='bbox 621 1949 681 2017; x_wconf 91' lang='lat' dir='ltr'>quid</span> <span class='ocrx_word' id='word_1_158' title='bbox 699 1950 828 2001; x_wconf 88' lang='lat' dir='ltr'>turbarum</span> <span class='ocrx_word' id='word_1_159' title='bbox 849 1948 960 2000; x_wconf 86' lang='lat' dir='ltr'>Treviris</span> <span class='ocrx_word' id='word_1_160' title='bbox 988 1949 1083 2000; x_wconf 85' lang='lat' dir='ltr'>tactum</span> <span class='ocrx_word' id='word_1_161' title='bbox 1110 1947 1255 2015; x_wconf 81' lang='lat' dir='ltr'>quaesieris</span> <span class='ocrx_word' id='word_1_162' title='bbox 1277 1944 1325 2009; x_wconf 83' lang='lat' dir='ltr'>(cf.</span> <span class='ocrx_word' id='word_1_163' title='bbox 1352 1941 1440 2023; x_wconf 52' lang='lat' dir='ltr'>annal,</span> 
     </span>
     <span class='ocr_line' id='line_1_17' title="bbox 290 2024 1445 2109; baseline 0.003 -28"><span class='ocrx_word' id='word_1_164' title='bbox 290 2024 440 2085; x_wconf 81' lang='lat' dir='ltr'>Colonieus.</span> <span class='ocrx_word' id='word_1_165' title='bbox 463 2032 481 2088; x_wconf 80' lang='lat' dir='ltr'>l</span> <span class='ocrx_word' id='word_1_166' title='bbox 501 2050 525 2109; x_wconf 67' lang='lat' dir='ltr'>c.⁴</span> <span class='ocrx_word' id='word_1_167' title='bbox 541 2033 561 2088; x_wconf 90' lang='lat' dir='ltr'>l.</span> <span class='ocrx_word' id='word_1_168' title='bbox 579 2035 623 2101; x_wconf 78' lang='lat' dir='ltr'>et,</span> <span class='ocrx_word' id='word_1_169' title='bbox 646 2036 719 2089; x_wconf 88' lang='lat' dir='ltr'>Fuld.</span> <span class='ocrx_word' id='word_1_170' title='bbox 742 2038 760 2092; x_wconf 84' lang='lat' dir='ltr'>l.</span> <span class='ocrx_word' id='word_1_171' title='bbox 785 2055 807 2089; x_wconf 91' lang='lat' dir='ltr'>c.</span> <span class='ocrx_word' id='word_1_172' title='bbox 830 2037 883 2091; x_wconf 82' lang='lat'>373</span> <span class='ocrx_word' id='word_1_173' title='bbox 906 2054 954 2104; x_wconf 72' lang='lat' dir='ltr'>sq,</span> <span class='ocrx_word' id='word_1_174' title='bbox 981 2032 1293 2097; x_wconf 69' lang='lat' dir='ltr'>uerun1.c.453ss.‚</span> <span class='ocrx_word' id='word_1_175' title='bbox 1321 2031 1445 2085; x_wconf 68' lang='lat' dir='ltr'>chromo,</span> 
     </span>
     <span class='ocr_line' id='line_1_18' title="bbox 286 2116 1447 2192; baseline -0.009 -7"><span class='ocrx_word' id='word_1_176' title='bbox 286 2116 376 2184; x_wconf 60' lang='lat' dir='ltr'>,Nm-</span> <span class='ocrx_word' id='word_1_177' title='bbox 394 2117 413 2172; x_wconf 78' lang='lat'>¹·</span> <span class='ocrx_word' id='word_1_178' title='bbox 431 2135 454 2172; x_wconf 68' lang='grc' dir='ltr'>θ·</span> <span class='ocrx_word' id='word_1_179' title='bbox 473 2120 534 2185; x_wconf 67' lang='grc'>533,</span> <span class='ocrx_word' id='word_1_180' title='bbox 552 2123 651 2192; x_wconf 66' lang='lat' dir='ltr'>Regini.</span> <span class='ocrx_word' id='word_1_181' title='bbox 669 2124 687 2178; x_wconf 90' lang='lat' dir='ltr'>l.</span> <span class='ocrx_word' id='word_1_182' title='bbox 705 2143 729 2180; x_wconf 92' lang='lat' dir='ltr'>c.</span> <span class='ocrx_word' id='word_1_183' title='bbox 747 2125 800 2181; x_wconf 78' lang='lat'>570</span> <span class='ocrx_word' id='word_1_184' title='bbox 817 2142 863 2190; x_wconf 78' lang='lat' dir='ltr'>ss„</span> <span class='ocrx_word' id='word_1_185' title='bbox 887 2124 969 2177; x_wconf 79' lang='lat' dir='ltr'>annal</span> <span class='ocrx_word' id='word_1_186' title='bbox 988 2123 1115 2177; x_wconf 83' lang='lat' dir='ltr'>Maximini</span> <span class='ocrx_word' id='word_1_187' title='bbox 1132 2121 1232 2174; x_wconf 81' lang='lat' dir='ltr'>Treuir.</span> <span class='ocrx_word' id='word_1_188' title='bbox 1249 2119 1269 2172; x_wconf 77' lang='lat' dir='ltr'>t</span> <span class='ocrx_word' id='word_1_189' title='bbox 1289 2137 1313 2172; x_wconf 90' lang='lat' dir='ltr'>c.</span> <span class='ocrx_word' id='word_1_190' title='bbox 1329 2119 1365 2173; x_wconf 84' lang='lat' dir='ltr'>lt.</span> <span class='ocrx_word' id='word_1_191' title='bbox 1382 2120 1447 2184; x_wconf 75' lang='lat'>213,</span> 
     </span>
     <span class='ocr_line' id='line_1_19' title="bbox 286 2203 1448 2278; baseline -0.009 -6"><span class='ocrx_word' id='word_1_192' title='bbox 286 2203 321 2263; x_wconf 74' lang='lat' dir='ltr'>l·</span> <span class='ocrx_word' id='word_1_193' title='bbox 339 2207 365 2271; x_wconf 76' lang='grc'>6,</span> <span class='ocrx_word' id='word_1_194' title='bbox 387 2206 510 2262; x_wconf 71' lang='lat' dir='ltr'>manna.</span> <span class='ocrx_word' id='word_1_195' title='bbox 528 2209 547 2263; x_wconf 82' lang='lat'>1.</span> <span class='ocrx_word' id='word_1_196' title='bbox 566 2227 589 2265; x_wconf 68' lang='grc' dir='ltr'>ο.</span> <span class='ocrx_word' id='word_1_197' title='bbox 607 2211 638 2266; x_wconf 91' lang='lat' dir='ltr'>u.</span> <span class='ocrx_word' id='word_1_198' title='bbox 657 2213 718 2278; x_wconf 74' lang='lat' dir='ltr'>noo,</span> <span class='ocrx_word' id='word_1_199' title='bbox 747 2212 852 2278; x_wconf 67' lang='lat' dir='ltr'>canu.</span> <span class='ocrx_word' id='word_1_200' title='bbox 870 2213 888 2267; x_wconf 87' lang='lat' dir='ltr'>t.</span> <span class='ocrx_word' id='word_1_201' title='bbox 906 2229 931 2266; x_wconf 68' lang='lat' dir='ltr'>c,</span> <span class='ocrx_word' id='word_1_202' title='bbox 949 2212 979 2268; x_wconf 83' lang='lat' dir='ltr'>v.</span> <span class='ocrx_word' id='word_1_203' title='bbox 997 2212 1014 2265; x_wconf 87' lang='lat'><strong>3</strong></span> <span class='ocrx_word' id='word_1_204' title='bbox 1038 2210 1110 2276; x_wconf 68' lang='lat' dir='ltr'>sup,</span> <span class='ocrx_word' id='word_1_205' title='bbox 1138 2223 1292 2277; x_wconf 69' lang='lat' dir='ltr'>quamquam</span> <span class='ocrx_word' id='word_1_206' title='bbox 1316 2207 1362 2260; x_wconf 79' lang='lat' dir='ltr'>vu</span> <span class='ocrx_word' id='word_1_207' title='bbox 1385 2207 1448 2261; x_wconf 75' lang='lat' dir='ltr'>uva</span> 
     </span>
     <span class='ocr_line' id='line_1_20' title="bbox 285 2294 1449 2370; baseline 0.003 -25"><span class='ocrx_word' id='word_1_208' title='bbox 285 2302 435 2358; x_wconf 87' lang='lat' dir='ltr'>portentum</span> <span class='ocrx_word' id='word_1_209' title='bbox 461 2296 555 2349; x_wconf 88' lang='lat' dir='ltr'>ibidem</span> <span class='ocrx_word' id='word_1_210' title='bbox 582 2301 664 2351; x_wconf 84' lang='lat' dir='ltr'>visum</span> <span class='ocrx_word' id='word_1_211' title='bbox 691 2301 792 2370; x_wconf 83' lang='lat' dir='ltr'>longius</span> <span class='ocrx_word' id='word_1_212' title='bbox 819 2302 957 2352; x_wconf 88' lang='lat' dir='ltr'>memoriae</span> <span class='ocrx_word' id='word_1_213' title='bbox 983 2299 1100 2351; x_wconf 85' lang='lat' dir='ltr'>traditum</span> <span class='ocrx_word' id='word_1_214' title='bbox 1128 2295 1258 2348; x_wconf 84' lang='lat' dir='ltr'>invenitur</span> <span class='ocrx_word' id='word_1_215' title='bbox 1288 2295 1334 2360; x_wconf 87' lang='lat' dir='ltr'>(ef.</span> <span class='ocrx_word' id='word_1_216' title='bbox 1361 2294 1449 2349; x_wconf 83' lang='lat' dir='ltr'>annal.</span> 
     </span>
     <span class='ocr_line' id='line_1_21' title="bbox 288 2366 1449 2455; baseline 0.003 -25"><span class='ocrx_word' id='word_1_217' title='bbox 288 2379 385 2435; x_wconf 80' lang='lat' dir='ltr'>Berlin.</span> <span class='ocrx_word' id='word_1_218' title='bbox 405 2399 428 2435; x_wconf 82' lang='lat' dir='ltr'>a.</span> <span class='ocrx_word' id='word_1_219' title='bbox 445 2383 497 2438; x_wconf 80' lang='grc'>857</span> <span class='ocrx_word' id='word_1_220' title='bbox 516 2383 534 2438; x_wconf 87' lang='grc' dir='ltr'>Ι.</span> <span class='ocrx_word' id='word_1_221' title='bbox 553 2402 577 2439; x_wconf 85' lang='lat' dir='ltr'>c.</span> <span class='ocrx_word' id='word_1_222' title='bbox 594 2387 614 2439; x_wconf 85' lang='grc' dir='ltr'>Ι.</span> <span class='ocrx_word' id='word_1_223' title='bbox 632 2388 694 2451; x_wconf 84' lang='grc'>450,</span> <span class='ocrx_word' id='word_1_224' title='bbox 713 2387 817 2454; x_wconf 86' lang='lat' dir='ltr'>Corbej.</span> <span class='ocrx_word' id='word_1_225' title='bbox 834 2388 852 2443; x_wconf 88' lang='lat' dir='ltr'>l.</span> <span class='ocrx_word' id='word_1_226' title='bbox 872 2406 895 2442; x_wconf 89' lang='lat' dir='ltr'>c.</span> <span class='ocrx_word' id='word_1_227' title='bbox 913 2389 944 2442; x_wconf 85' lang='lat' dir='ltr'>V.</span> <span class='ocrx_word' id='word_1_228' title='bbox 961 2389 999 2455; x_wconf 83' lang='lat'>3).</span> <span class='ocrx_word' id='word_1_229' title='bbox 1026 2386 1080 2438; x_wconf 84' lang='lat' dir='ltr'>Nec</span> <span class='ocrx_word' id='word_1_230' title='bbox 1098 2386 1124 2436; x_wconf 91' lang='lat' dir='ltr'>in</span> <span class='ocrx_word' id='word_1_231' title='bbox 1145 2386 1209 2436; x_wconf 89' lang='lat' dir='ltr'>actis</span> <span class='ocrx_word' id='word_1_232' title='bbox 1230 2381 1351 2447; x_wconf 88' lang='lat' dir='ltr'>ejusdem</span> <span class='ocrx_word' id='word_1_233' title='bbox 1372 2366 1449 2435; x_wconf 67' lang='lat' dir='ltr'>aeta&#39;-</span> 
     </span>
     <span class='ocr_line' id='line_1_22' title="bbox 288 2467 1449 2542; baseline 0.001 -22"><span class='ocrx_word' id='word_1_234' title='bbox 288 2467 322 2518; x_wconf 80' lang='lat' dir='ltr'>tis</span> <span class='ocrx_word' id='word_1_235' title='bbox 347 2468 455 2533; x_wconf 82' lang='lat' dir='ltr'>publicis</span> <span class='ocrx_word' id='word_1_236' title='bbox 475 2470 526 2536; x_wconf 79' lang='lat' dir='ltr'>(ex.</span> <span class='ocrx_word' id='word_1_237' title='bbox 544 2488 584 2540; x_wconf 85' lang='lat' dir='ltr'>gr.</span> <span class='ocrx_word' id='word_1_238' title='bbox 602 2475 706 2540; x_wconf 72' lang='lat' dir='ltr'>synod,</span> <span class='ocrx_word' id='word_1_239' title='bbox 731 2485 859 2541; x_wconf 70' lang='lat' dir='ltr'>convent,</span> <span class='ocrx_word' id='word_1_240' title='bbox 878 2474 1019 2542; x_wconf 83' lang='lat' dir='ltr'>diplomat.)</span> <span class='ocrx_word' id='word_1_241' title='bbox 1044 2474 1100 2539; x_wconf 86' lang='lat' dir='ltr'>ejus</span> <span class='ocrx_word' id='word_1_242' title='bbox 1124 2470 1233 2523; x_wconf 85' lang='lat' dir='ltr'>sceleris</span> <span class='ocrx_word' id='word_1_243' title='bbox 1252 2485 1287 2520; x_wconf 94' lang='lat' dir='ltr'>ne</span> <span class='ocrx_word' id='word_1_244' title='bbox 1306 2473 1449 2539; x_wconf 84' lang='lat' dir='ltr'>vestigium</span> 
     </span>
     <span class='ocr_line' id='line_1_23' title="bbox 287 2557 1449 2632; baseline 0.003 -25"><span class='ocrx_word' id='word_1_245' title='bbox 287 2557 393 2624; x_wconf 81' lang='lat' dir='ltr'>quidem</span> <span class='ocrx_word' id='word_1_246' title='bbox 412 2569 525 2625; x_wconf 85' lang='lat' dir='ltr'>apparet,</span> <span class='ocrx_word' id='word_1_247' title='bbox 543 2577 621 2629; x_wconf 85' lang='lat' dir='ltr'>quum</span> <span class='ocrx_word' id='word_1_248' title='bbox 639 2571 722 2615; x_wconf 87' lang='lat' dir='ltr'>tamen</span> <span class='ocrx_word' id='word_1_249' title='bbox 741 2564 921 2632; x_wconf 80' lang='lat' dir='ltr'>Thietgaudus,</span> <span class='ocrx_word' id='word_1_250' title='bbox 946 2573 972 2615; x_wconf 87' lang='lat' dir='ltr'>ct</span> <span class='ocrx_word' id='word_1_251' title='bbox 989 2563 1069 2631; x_wconf 82' lang='lat' dir='ltr'>gratia</span> <span class='ocrx_word' id='word_1_252' title='bbox 1087 2560 1156 2626; x_wconf 86' lang='lat' dir='ltr'>regis</span> <span class='ocrx_word' id='word_1_253' title='bbox 1172 2557 1289 2608; x_wconf 73' lang='lat' dir='ltr'>lotharii</span> <span class='ocrx_word' id='word_1_254' title='bbox 1308 2566 1336 2608; x_wconf 90' lang='lat' dir='ltr'>et</span> <span class='ocrx_word' id='word_1_255' title='bbox 1353 2558 1449 2610; x_wconf 88' lang='lat' dir='ltr'>ordine</span> 
     </span>
     <span class='ocr_line' id='line_1_24' title="bbox 290 2644 1446 2717; baseline -0.003 -21"><span class='ocrx_word' id='word_1_256' title='bbox 290 2645 449 2698; x_wconf 88' lang='lat' dir='ltr'>bierarchico</span> <span class='ocrx_word' id='word_1_257' title='bbox 472 2664 537 2701; x_wconf 90' lang='lat' dir='ltr'>unus</span> <span class='ocrx_word' id='word_1_258' title='bbox 560 2651 627 2702; x_wconf 86' lang='lat' dir='ltr'>inter</span> <span class='ocrx_word' id='word_1_259' title='bbox 651 2653 785 2717; x_wconf 86' lang='lat' dir='ltr'>primores,</span> <span class='ocrx_word' id='word_1_260' title='bbox 813 2668 875 2704; x_wconf 89' lang='lat' dir='ltr'>saue</span> <span class='ocrx_word' id='word_1_261' title='bbox 897 2653 923 2703; x_wconf 89' lang='lat' dir='ltr'>iu</span> <span class='ocrx_word' id='word_1_262' title='bbox 947 2650 1053 2717; x_wconf 75' lang='lat' dir='ltr'>synodis</span> <span class='ocrx_word' id='word_1_263' title='bbox 1070 2663 1121 2699; x_wconf 91' lang='lat' dir='ltr'>non</span> <span class='ocrx_word' id='word_1_264' title='bbox 1138 2647 1222 2696; x_wconf 84' lang='lat' dir='ltr'>miuus</span> <span class='ocrx_word' id='word_1_265' title='bbox 1242 2660 1321 2709; x_wconf 84' lang='lat' dir='ltr'>quam</span> <span class='ocrx_word' id='word_1_266' title='bbox 1339 2645 1368 2694; x_wconf 83' lang='lat' dir='ltr'>in</span> <span class='ocrx_word' id='word_1_267' title='bbox 1386 2644 1446 2695; x_wconf 83' lang='lat' dir='ltr'>auin</span> 
     </span>
    </p>
   </div>
   <div class='ocr_carea' id='block_1_8' title="bbox 283 2732 1541 2806">
    <p class='ocr_par' dir='ltr' id='par_1_8' title="bbox 283 2732 1541 2806">
     <span class='ocr_line' id='line_1_25' title="bbox 283 2732 1541 2806; baseline 0.01 -22"><span class='ocrx_word' id='word_1_268' title='bbox 283 2734 362 2802; x_wconf 81' lang='lat' dir='ltr'>regia</span> <span class='ocrx_word' id='word_1_269' title='bbox 385 2735 501 2800; x_wconf 88' lang='lat' dir='ltr'>injurium</span> <span class='ocrx_word' id='word_1_270' title='bbox 524 2737 572 2787; x_wconf 90' lang='lat' dir='ltr'>sibi</span> <span class='ocrx_word' id='word_1_271' title='bbox 595 2738 708 2789; x_wconf 86' lang='lat' dir='ltr'>inussam</span> <span class='ocrx_word' id='word_1_272' title='bbox 731 2748 913 2806; x_wconf 83' lang='lat' dir='ltr'>persecuturus</span> <span class='ocrx_word' id='word_1_273' title='bbox 936 2738 1034 2790; x_wconf 78' lang='lat' dir='ltr'>luisset</span> <span class='ocrx_word' id='word_1_274' title='bbox 1053 2762 1086 2775; x_wconf 90' lang='lat'>-</span> <span class='ocrx_word' id='word_1_275' title='bbox 1104 2732 1197 2784; x_wconf 71' lang='lat' dir='ltr'>Conna</span> <span class='ocrx_word' id='word_1_276' title='bbox 1213 2737 1302 2779; x_wconf 85' lang='lat' dir='ltr'>autem</span> <span class='ocrx_word' id='word_1_277' title='bbox 1321 2737 1445 2803; x_wconf 55' lang='lat' dir='ltr'>‘emim</span> <span class='ocrx_word' id='word_1_278' title='bbox 1537 2746 1541 2805; x_wconf 72' lang='lat' dir='ltr'>i</span> 
     </span>
    </p>
   </div>
   <div class='ocr_carea' id='block_1_9' title="bbox 253 2819 1451 2898">
    <p class='ocr_par' dir='ltr' id='par_1_9' title="bbox 253 2819 1451 2898">
     <span class='ocr_line' id='line_1_26' title="bbox 253 2819 1451 2898; baseline -0.004 -24"><span class='ocrx_word' id='word_1_279' title='bbox 253 2890 260 2898; x_wconf 20' lang='grc' dir='ltr'>η</span> <span class='ocrx_word' id='word_1_280' title='bbox 288 2820 431 2874; x_wconf 86' lang='lat' dir='ltr'>Eberhardi</span> <span class='ocrx_word' id='word_1_281' title='bbox 450 2824 510 2889; x_wconf 92' lang='lat' dir='ltr'>eppi</span> <span class='ocrx_word' id='word_1_282' title='bbox 529 2823 660 2875; x_wconf 86' lang='lat' dir='ltr'>Trevirani</span> <span class='ocrx_word' id='word_1_283' title='bbox 680 2833 705 2877; x_wconf 90' lang='lat' dir='ltr'>et</span> <span class='ocrx_word' id='word_1_284' title='bbox 722 2826 820 2877; x_wconf 89' lang='lat' dir='ltr'>Nicolai</span> <span class='ocrx_word' id='word_1_285' title='bbox 834 2825 862 2879; x_wconf 84' lang='lat' dir='ltr'>P.</span> <span class='ocrx_word' id='word_1_286' title='bbox 871 2826 901 2879; x_wconf 87' lang='lat'>11.</span> <span class='ocrx_word' id='word_1_287' title='bbox 920 2825 1046 2890; x_wconf 90' lang='lat' dir='ltr'>ejusmodi</span> <span class='ocrx_word' id='word_1_288' title='bbox 1064 2819 1147 2875; x_wconf 86' lang='lat' dir='ltr'>scelus</span> <span class='ocrx_word' id='word_1_289' title='bbox 1165 2824 1296 2882; x_wconf 89' lang='lat' dir='ltr'>patratum</span> <span class='ocrx_word' id='word_1_290' title='bbox 1314 2825 1451 2892; x_wconf 74' lang='lat' dir='ltr'>narratur,</span> 
     </span>
    </p>
   </div>
   <div class='ocr_carea' id='block_1_10' title="bbox 287 2900 1537 3067">
    <p class='ocr_par' dir='ltr' id='par_1_10' title="bbox 287 2900 1537 3067">
     <span class='ocr_line' id='line_1_27' title="bbox 290 2900 1537 2984; baseline -0.003 -24"><span class='ocrx_word' id='word_1_291' title='bbox 290 2909 359 2977; x_wconf 93' lang='lat' dir='ltr'>quod</span> <span class='ocrx_word' id='word_1_292' title='bbox 379 2912 497 2977; x_wconf 83' lang='lat' dir='ltr'>quantum</span> <span class='ocrx_word' id='word_1_293' title='bbox 516 2928 573 2963; x_wconf 92' lang='lat' dir='ltr'>cum</span> <span class='ocrx_word' id='word_1_294' title='bbox 592 2921 680 2964; x_wconf 89' lang='lat' dir='ltr'>nostra</span> <span class='ocrx_word' id='word_1_295' title='bbox 699 2914 807 2979; x_wconf 86' lang='lat' dir='ltr'>epistola</span> <span class='ocrx_word' id='word_1_296' title='bbox 827 2914 970 2964; x_wconf 87' lang='lat' dir='ltr'>consentiat</span> <span class='ocrx_word' id='word_1_297' title='bbox 987 2913 1069 2964; x_wconf 90' lang='lat' dir='ltr'>statim</span> <span class='ocrx_word' id='word_1_298' title='bbox 1089 2905 1202 2973; x_wconf 87' lang='lat' dir='ltr'>apparet.</span> <span class='ocrx_word' id='word_1_299' title='bbox 1221 2900 1344 2956; x_wconf 74' lang='lat' dir='ltr'>&#39;liabent</span> <span class='ocrx_word' id='word_1_300' title='bbox 1362 2905 1397 2984; x_wconf 86' lang='lat' dir='ltr'>de</span> <span class='ocrx_word' id='word_1_301' title='bbox 1417 2921 1451 2961; x_wconf 91' lang='lat' dir='ltr'>eo</span> <span class='ocrx_word' id='word_1_302' title='bbox 1536 2948 1537 2975; x_wconf 65' lang='lat'>,</span> 
     </span>
     <span class='ocr_line' id='line_1_28' title="bbox 287 2980 1537 3067; baseline -0.002 -21"><span class='ocrx_word' id='word_1_303' title='bbox 287 2996 366 3046; x_wconf 81' lang='lat' dir='ltr'>Gesta</span> <span class='ocrx_word' id='word_1_304' title='bbox 386 2996 547 3051; x_wconf 86' lang='lat' dir='ltr'>Trevirorum</span> <span class='ocrx_word' id='word_1_305' title='bbox 572 2999 625 3063; x_wconf 83' lang='lat' dir='ltr'>(ed.</span> <span class='ocrx_word' id='word_1_306' title='bbox 643 3001 717 3053; x_wconf 87' lang='lat' dir='ltr'>Pertz</span> <span class='ocrx_word' id='word_1_307' title='bbox 738 2998 976 3064; x_wconf 65' lang='lat' dir='ltr'>invnturum:</span> <span class='ocrx_word' id='word_1_308' title='bbox 1006 2998 1065 3063; x_wconf 89' lang='lat' dir='ltr'>„bic</span> <span class='ocrx_word' id='word_1_309' title='bbox 1084 2991 1276 3067; x_wconf 81' lang='lat' dir='ltr'>(Eberhardus)</span> <span class='ocrx_word' id='word_1_310' title='bbox 1297 2993 1451 3060; x_wconf 82' lang='lat' dir='ltr'>aliquando,</span> <span class='ocrx_word' id='word_1_311' title='bbox 1533 2980 1537 3005; x_wconf 82' lang='lat'><strong>⁷</strong></span> 
     </span>
    </p>
   </div>
   <div class='ocr_carea' id='block_1_11' title="bbox 181 3080 1449 3151">
    <p class='ocr_par' dir='ltr' id='par_1_11' title="bbox 181 3080 1449 3151">
     <span class='ocr_line' id='line_1_29' title="bbox 181 3080 1449 3151; baseline -0.004 -18"><span class='ocrx_word' id='word_1_312' title='bbox 181 3085 184 3088; x_wconf 81' lang='grc'>’</span> <span class='ocrx_word' id='word_1_313' title='bbox 290 3084 351 3134; x_wconf 87' lang='lat' dir='ltr'>dum</span> <span class='ocrx_word' id='word_1_314' title='bbox 380 3083 516 3136; x_wconf 88' lang='lat' dir='ltr'>dioeceses</span> <span class='ocrx_word' id='word_1_315' title='bbox 545 3088 673 3151; x_wconf 84' lang='lat' dir='ltr'>circuiret,</span> <span class='ocrx_word' id='word_1_316' title='bbox 701 3104 715 3138; x_wconf 92' lang='lat' dir='ltr'>a</span> <span class='ocrx_word' id='word_1_317' title='bbox 744 3087 863 3140; x_wconf 81' lang='lat' dir='ltr'>Cunre&#39;do</span> <span class='ocrx_word' id='word_1_318' title='bbox 892 3087 983 3138; x_wconf 87' lang='lat' dir='ltr'>comite</span> <span class='ocrx_word' id='word_1_319' title='bbox 1011 3086 1043 3136; x_wconf 92' lang='lat' dir='ltr'>de</span> <span class='ocrx_word' id='word_1_320' title='bbox 1066 3080 1250 3147; x_wconf 77' lang='lat' dir='ltr'>lucelenburg</span> <span class='ocrx_word' id='word_1_321' title='bbox 1276 3088 1369 3143; x_wconf 84' lang='lat' dir='ltr'>captus</span> <span class='ocrx_word' id='word_1_322' title='bbox 1389 3082 1449 3142; x_wconf 76' lang='lat' dir='ltr'>¹est,</span> 
     </span>
    </p>
   </div>
   <div class='ocr_carea' id='block_1_12' title="bbox 244 3161 1462 4284">
    <p class='ocr_par' dir='ltr' id='par_1_12' title="bbox 244 3161 1462 4284">
     <span class='ocr_line' id='line_1_30' title="bbox 271 3161 1453 3239; baseline -0.006 -15"><span class='ocrx_word' id='word_1_323' title='bbox 271 3171 439 3224; x_wconf 69' lang='lat' dir='ltr'>uestimenta</span> <span class='ocrx_word' id='word_1_324' title='bbox 457 3174 627 3225; x_wconf 85' lang='lat' dir='ltr'>sacerdotalia</span> <span class='ocrx_word' id='word_1_325' title='bbox 646 3191 660 3225; x_wconf 92' lang='lat' dir='ltr'>a</span> <span class='ocrx_word' id='word_1_326' title='bbox 678 3161 797 3226; x_wconf 81' lang='lat' dir='ltr'>militibus</span> <span class='ocrx_word' id='word_1_327' title='bbox 817 3175 925 3239; x_wconf 80' lang='lat' dir='ltr'>direpta,</span> <span class='ocrx_word' id='word_1_328' title='bbox 948 3172 1050 3237; x_wconf 90' lang='lat' dir='ltr'>pallium</span> <span class='ocrx_word' id='word_1_329' title='bbox 1069 3170 1333 3229; x_wconf 75' lang='lat' dir='ltr'>discissum-cerpus</span> <span class='ocrx_word' id='word_1_330' title='bbox 1352 3165 1453 3217; x_wconf 59' lang='lat' dir='ltr'>Muri·</span> 
     </span>
     <span class='ocr_line' id='line_1_31' title="bbox 287 3253 1456 3328; baseline -0.006 -16"><span class='ocrx_word' id='word_1_331' title='bbox 287 3262 373 3312; x_wconf 82' lang='lat' dir='ltr'>uicum</span> <span class='ocrx_word' id='word_1_332' title='bbox 401 3260 521 3314; x_wconf 80' lang='lat' dir='ltr'>uiolatum</span> <span class='ocrx_word' id='word_1_333' title='bbox 546 3269 575 3313; x_wconf 89' lang='lat' dir='ltr'>et</span> <span class='ocrx_word' id='word_1_334' title='bbox 601 3262 627 3312; x_wconf 86' lang='lat' dir='ltr'>iu</span> <span class='ocrx_word' id='word_1_335' title='bbox 655 3269 750 3314; x_wconf 87' lang='lat' dir='ltr'>terram</span> <span class='ocrx_word' id='word_1_336' title='bbox 777 3261 931 3328; x_wconf 80' lang='lat' dir='ltr'>projectum,</span> <span class='ocrx_word' id='word_1_337' title='bbox 958 3260 1069 3311; x_wconf 82' lang='lat' dir='ltr'>chrisma</span> <span class='ocrx_word' id='word_1_338' title='bbox 1097 3255 1226 3307; x_wconf 83' lang='lat' dir='ltr'>unctionis</span> <span class='ocrx_word' id='word_1_339' title='bbox 1255 3253 1373 3304; x_wconf 75' lang='lat' dir='ltr'>effusum</span> <span class='ocrx_word' id='word_1_340' title='bbox 1403 3261 1456 3316; x_wconf 89' lang='lat' dir='ltr'>est,</span> 
     </span>
     <span class='ocr_line' id='line_1_32' title="bbox 288 3340 1458 3414; baseline -0.005 -13"><span class='ocrx_word' id='word_1_341' title='bbox 288 3349 428 3414; x_wconf 87' lang='lat' dir='ltr'>episcopus</span> <span class='ocrx_word' id='word_1_342' title='bbox 451 3349 484 3400; x_wconf 90' lang='lat' dir='ltr'>ad</span> <span class='ocrx_word' id='word_1_343' title='bbox 507 3349 705 3402; x_wconf 79' lang='lat' dir='ltr'>lucelenburch</span> <span class='ocrx_word' id='word_1_344' title='bbox 733 3352 764 3400; x_wconf 92' lang='lat' dir='ltr'>in</span> <span class='ocrx_word' id='word_1_345' title='bbox 793 3348 976 3401; x_wconf 87' lang='lat' dir='ltr'>custodiam</span> <span class='ocrx_word' id='word_1_346' title='bbox 998 3345 1130 3396; x_wconf 86' lang='lat' dir='ltr'>delatus</span> <span class='ocrx_word' id='word_1_347' title='bbox 1155 3348 1215 3395; x_wconf 79' lang='lat' dir='ltr'>est.</span> <span class='ocrx_word' id='word_1_348' title='bbox 1253 3340 1458 3395; x_wconf 71' lang='lat' dir='ltr'>Treberinibil</span> 
     </span>
     <span class='ocr_line' id='line_1_33' title="bbox 288 3430 1457 3503; baseline -0.004 -16"><span class='ocrx_word' id='word_1_349' title='bbox 288 3451 388 3498; x_wconf 90' lang='lat' dir='ltr'>eorum,</span> <span class='ocrx_word' id='word_1_350' title='bbox 406 3452 472 3503; x_wconf 89' lang='lat' dir='ltr'>quae</span> <span class='ocrx_word' id='word_1_351' title='bbox 487 3437 519 3487; x_wconf 87' lang='lat' dir='ltr'>ad</span> <span class='ocrx_word' id='word_1_352' title='bbox 539 3437 653 3488; x_wconf 91' lang='lat' dir='ltr'>divinum</span> <span class='ocrx_word' id='word_1_353' title='bbox 672 3437 783 3486; x_wconf 82' lang='lat' dir='ltr'>cilicium</span> <span class='ocrx_word' id='word_1_354' title='bbox 801 3436 939 3500; x_wconf 85' lang='lat' dir='ltr'>pertinent,</span> <span class='ocrx_word' id='word_1_355' title='bbox 956 3432 1088 3485; x_wconf 87' lang='lat' dir='ltr'>celebrare</span> <span class='ocrx_word' id='word_1_356' title='bbox 1104 3430 1259 3493; x_wconf 74' lang='lat' dir='ltr'>winemunt,</span> <span class='ocrx_word' id='word_1_357' title='bbox 1278 3430 1370 3481; x_wconf 88' lang='lat' dir='ltr'>donee</span> <span class='ocrx_word' id='word_1_358' title='bbox 1388 3431 1457 3483; x_wconf 50' lang='lat' dir='ltr'>uo*-</span> 
     </span>
     <span class='ocr_line' id='line_1_34' title="bbox 288 3515 1458 3586; baseline -0.004 -11"><span class='ocrx_word' id='word_1_359' title='bbox 288 3538 410 3575; x_wconf 89' lang='lat' dir='ltr'>manum</span> <span class='ocrx_word' id='word_1_360' title='bbox 428 3522 624 3574; x_wconf 81' lang='lat' dir='ltr'>Pontificem</span> <span class='ocrx_word' id='word_1_361' title='bbox 648 3522 688 3572; x_wconf 85' lang='lat' dir='ltr'>de</span> <span class='ocrx_word' id='word_1_362' title='bbox 712 3521 771 3573; x_wconf 84' lang='lat' dir='ltr'>hac</span> <span class='ocrx_word' id='word_1_363' title='bbox 795 3537 829 3572; x_wconf 90' lang='lat' dir='ltr'>re</span> <span class='ocrx_word' id='word_1_364' title='bbox 852 3537 909 3586; x_wconf 88' lang='lat' dir='ltr'>per</span> <span class='ocrx_word' id='word_1_365' title='bbox 926 3519 1152 3572; x_wconf 85' lang='lat' dir='ltr'>internuntios</span> <span class='ocrx_word' id='word_1_366' title='bbox 1171 3515 1458 3580; x_wconf 85' lang='lat' dir='ltr'>interpellarent.</span> 
     </span>
     <span class='ocr_line' id='line_1_35' title="bbox 286 3603 1459 3674; baseline -0.004 -12"><span class='ocrx_word' id='word_1_367' title='bbox 286 3610 389 3662; x_wconf 86' lang='lat' dir='ltr'>interim</span> <span class='ocrx_word' id='word_1_368' title='bbox 409 3608 542 3662; x_wconf 77' lang='lat' dir='ltr'>conradus</span> <span class='ocrx_word' id='word_1_369' title='bbox 565 3620 656 3662; x_wconf 87' lang='lat' dir='ltr'>comes</span> <span class='ocrx_word' id='word_1_370' title='bbox 676 3607 824 3674; x_wconf 81' lang='lat' dir='ltr'>compulsus</span> <span class='ocrx_word' id='word_1_371' title='bbox 843 3623 858 3658; x_wconf 90' lang='lat' dir='ltr'>a</span> <span class='ocrx_word' id='word_1_372' title='bbox 875 3607 990 3673; x_wconf 82' lang='lat' dir='ltr'>plurimis</span> <span class='ocrx_word' id='word_1_373' title='bbox 1008 3607 1161 3669; x_wconf 86' lang='lat' dir='ltr'>episcopum</span> <span class='ocrx_word' id='word_1_374' title='bbox 1181 3603 1287 3655; x_wconf 71' lang='lat' dir='ltr'>dimisit</span> <span class='ocrx_word' id='word_1_375' title='bbox 1315 3603 1459 3657; x_wconf 80' lang='lat' dir='ltr'>Romanus</span> 
     </span>
     <span class='ocr_line' id='line_1_36' title="bbox 287 3687 1460 3751; baseline -0.006 -2"><span class='ocrx_word' id='word_1_376' title='bbox 287 3696 406 3749; x_wconf 76' lang='lat' dir='ltr'>Pontifex</span> <span class='ocrx_word' id='word_1_377' title='bbox 424 3697 606 3751; x_wconf 70' lang='lat' dir='ltr'>conradum</span> <span class='ocrx_word' id='word_1_378' title='bbox 626 3695 923 3750; x_wconf 84' lang='lat' dir='ltr'>excommunicavit</span> <span class='ocrx_word' id='word_1_379' title='bbox 941 3700 970 3743; x_wconf 88' lang='lat' dir='ltr'>et</span> <span class='ocrx_word' id='word_1_380' title='bbox 987 3691 1179 3743; x_wconf 86' lang='lat' dir='ltr'>Eberhardo</span> <span class='ocrx_word' id='word_1_381' title='bbox 1204 3687 1460 3745; x_wconf 74' lang='lat' dir='ltr'>absolvendum</span> 
     </span>
     <span class='ocr_line' id='line_1_37' title="bbox 244 3776 1461 3851; baseline -0.009 -15"><span class='ocrx_word' id='word_1_382' title='bbox 244 3836 250 3849; x_wconf 67' lang='grc'>,</span> <span class='ocrx_word' id='word_1_383' title='bbox 286 3787 448 3838; x_wconf 83' lang='lat' dir='ltr'>commisit</span> <span class='ocrx_word' id='word_1_384' title='bbox 471 3790 540 3843; x_wconf 82' lang='lat' dir='ltr'>etc.“</span> <span class='ocrx_word' id='word_1_385' title='bbox 569 3788 651 3851; x_wconf 83' lang='lat' dir='ltr'>Quam</span> <span class='ocrx_word' id='word_1_386' title='bbox 674 3783 782 3837; x_wconf 89' lang='lat' dir='ltr'>eandem</span> <span class='ocrx_word' id='word_1_387' title='bbox 801 3798 855 3833; x_wconf 90' lang='lat' dir='ltr'>rem</span> <span class='ocrx_word' id='word_1_388' title='bbox 874 3779 1083 3845; x_wconf 73' lang='lat' dir='ltr'>supplementum</span> <span class='ocrx_word' id='word_1_389' title='bbox 1101 3776 1205 3843; x_wconf 81' lang='lat' dir='ltr'>longiae</span> <span class='ocrx_word' id='word_1_390' title='bbox 1224 3776 1261 3826; x_wconf 89' lang='lat' dir='ltr'>ita</span> <span class='ocrx_word' id='word_1_391' title='bbox 1280 3781 1461 3848; x_wconf 64' lang='lat' dir='ltr'>prosequitur</span> 
     </span>
     <span class='ocr_line' id='line_1_38' title="bbox 286 3863 1460 3942; baseline -0.014 -18"><span class='ocrx_word' id='word_1_392' title='bbox 286 3874 315 3939; x_wconf 72' lang='lat' dir='ltr'>(l.</span> <span class='ocrx_word' id='word_1_393' title='bbox 335 3889 359 3928; x_wconf 81' lang='lat' dir='ltr'>o.</span> <span class='ocrx_word' id='word_1_394' title='bbox 379 3875 454 3942; x_wconf 70' lang='lat' dir='ltr'>isat:</span> <span class='ocrx_word' id='word_1_395' title='bbox 487 3877 563 3942; x_wconf 81' lang='lat' dir='ltr'>„Quo</span> <span class='ocrx_word' id='word_1_396' title='bbox 587 3876 677 3927; x_wconf 88' lang='lat' dir='ltr'>nuntio</span> <span class='ocrx_word' id='word_1_397' title='bbox 697 3869 802 3922; x_wconf 82' lang='lat' dir='ltr'>Treboni</span> <span class='ocrx_word' id='word_1_398' title='bbox 821 3867 919 3932; x_wconf 86' lang='lat' dir='ltr'>perlato</span> <span class='ocrx_word' id='word_1_399' title='bbox 939 3865 1023 3916; x_wconf 83' lang='lat' dir='ltr'>omnia</span> <span class='ocrx_word' id='word_1_400' title='bbox 1041 3863 1118 3920; x_wconf 87' lang='lat' dir='ltr'>divini</span> <span class='ocrx_word' id='word_1_401' title='bbox 1137 3863 1280 3915; x_wconf 85' lang='lat' dir='ltr'>ministerii</span> <span class='ocrx_word' id='word_1_402' title='bbox 1295 3863 1362 3929; x_wconf 69' lang='lat' dir='ltr'>jera</span> <span class='ocrx_word' id='word_1_403' title='bbox 1383 3867 1460 3920; x_wconf 54' lang='grc' dir='ltr'>θειο-</span> 
     </span>
     <span class='ocr_line' id='line_1_39' title="bbox 285 3948 1461 4026; baseline -0.009 -11"><span class='ocrx_word' id='word_1_404' title='bbox 285 3963 355 4016; x_wconf 86' lang='lat' dir='ltr'>brari</span> <span class='ocrx_word' id='word_1_405' title='bbox 376 3963 520 4016; x_wconf 86' lang='lat' dir='ltr'>intermissa</span> <span class='ocrx_word' id='word_1_406' title='bbox 545 3971 612 4026; x_wconf 81' lang='lat' dir='ltr'>sunt,</span> <span class='ocrx_word' id='word_1_407' title='bbox 642 3960 727 4010; x_wconf 87' lang='lat' dir='ltr'>donee</span> <span class='ocrx_word' id='word_1_408' title='bbox 745 3956 875 4006; x_wconf 84' lang='lat' dir='ltr'>Romanus</span> <span class='ocrx_word' id='word_1_409' title='bbox 892 3953 970 4016; x_wconf 84' lang='lat' dir='ltr'>Papa,</span> <span class='ocrx_word' id='word_1_410' title='bbox 996 3951 1057 4017; x_wconf 84' lang='lat' dir='ltr'>quid</span> <span class='ocrx_word' id='word_1_411' title='bbox 1079 3950 1114 4002; x_wconf 87' lang='lat' dir='ltr'>de</span> <span class='ocrx_word' id='word_1_412' title='bbox 1130 3948 1183 4000; x_wconf 90' lang='lat' dir='ltr'>hoc</span> <span class='ocrx_word' id='word_1_413' title='bbox 1203 3950 1345 4017; x_wconf 85' lang='lat' dir='ltr'>diffiniret,</span> <span class='ocrx_word' id='word_1_414' title='bbox 1373 3955 1461 4006; x_wconf 83' lang='lat' dir='ltr'>inter-</span> 
     </span>
     <span class='ocr_line' id='line_1_40' title="bbox 276 4028 1462 4119; baseline -0.011 -17"><span class='ocrx_word' id='word_1_415' title='bbox 276 4028 428 4119; x_wconf 79' lang='lat' dir='ltr'>rogaretur.</span> <span class='ocrx_word' id='word_1_416' title='bbox 465 4052 513 4115; x_wconf 81' lang='lat' dir='ltr'>Qui</span> <span class='ocrx_word' id='word_1_417' title='bbox 538 4050 651 4103; x_wconf 90' lang='lat' dir='ltr'>eundem</span> <span class='ocrx_word' id='word_1_418' title='bbox 671 4039 817 4097; x_wconf 75' lang='lat' dir='ltr'>conradum</span> <span class='ocrx_word' id='word_1_419' title='bbox 842 4052 982 4105; x_wconf 87' lang='lat' dir='ltr'>omnesque</span> <span class='ocrx_word' id='word_1_420' title='bbox 999 4037 1056 4101; x_wconf 85' lang='lat' dir='ltr'>ejus</span> <span class='ocrx_word' id='word_1_421' title='bbox 1075 4037 1319 4105; x_wconf 67' lang='lat' dir='ltr'>complicesl&#39;aem</span> <span class='ocrx_word' id='word_1_422' title='bbox 1337 4039 1462 4109; x_wconf 68' lang='lat' dir='ltr'>generali</span> 
     </span>
     <span class='ocr_line' id='line_1_41' title="bbox 287 4126 1460 4198; baseline -0.009 -9"><span class='ocrx_word' id='word_1_423' title='bbox 287 4139 395 4192; x_wconf 87' lang='lat' dir='ltr'>consilio</span> <span class='ocrx_word' id='word_1_424' title='bbox 419 4137 659 4198; x_wconf 81' lang='lat' dir='ltr'>excommunicavit,</span> <span class='ocrx_word' id='word_1_425' title='bbox 684 4130 732 4184; x_wconf 87' lang='lat' dir='ltr'>sed</span> <span class='ocrx_word' id='word_1_426' title='bbox 755 4127 812 4192; x_wconf 81' lang='lat' dir='ltr'>ejus</span> <span class='ocrx_word' id='word_1_427' title='bbox 836 4126 1020 4182; x_wconf 85' lang='lat' dir='ltr'>absolutionem</span> <span class='ocrx_word' id='word_1_428' title='bbox 1042 4126 1205 4188; x_wconf 81' lang='lat' dir='ltr'>pcerritentis</span> <span class='ocrx_word' id='word_1_429' title='bbox 1225 4129 1360 4192; x_wconf 84' lang='lat' dir='ltr'>episcopo</span> <span class='ocrx_word' id='word_1_430' title='bbox 1381 4144 1460 4180; x_wconf 89' lang='lat' dir='ltr'>coru-</span> 
     </span>
     <span class='ocr_line' id='line_1_42' title="bbox 287 4211 1459 4284; baseline -0.011 -9"><span class='ocrx_word' id='word_1_431' title='bbox 287 4226 361 4277; x_wconf 87' lang='lat' dir='ltr'>misit.</span> <span class='ocrx_word' id='word_1_432' title='bbox 380 4264 424 4284; x_wconf 81' lang='grc'>...</span> <span class='ocrx_word' id='word_1_433' title='bbox 458 4230 562 4282; x_wconf 70' lang='lat' dir='ltr'>Interim</span> <span class='ocrx_word' id='word_1_434' title='bbox 585 4238 655 4282; x_wconf 67' lang='lat' dir='ltr'>nerov</span> <span class='ocrx_word' id='word_1_435' title='bbox 675 4219 816 4284; x_wconf 80' lang='lat' dir='ltr'>eptiscupus</span> <span class='ocrx_word' id='word_1_436' title='bbox 841 4230 857 4270; x_wconf 84' lang='lat' dir='ltr'>a</span> <span class='ocrx_word' id='word_1_437' title='bbox 878 4213 1023 4280; x_wconf 75' lang='lat' dir='ltr'>captiuitatc</span> <span class='ocrx_word' id='word_1_438' title='bbox 1045 4211 1133 4265; x_wconf 78' lang='lat' dir='ltr'>datis</span> <span class='ocrx_word' id='word_1_439' title='bbox 1155 4212 1347 4267; x_wconf 81' lang='lat' dir='ltr'>obsidibus</span> <span class='ocrx_word' id='word_1_440' title='bbox 1373 4214 1459 4270; x_wconf 83' lang='lat' dir='ltr'>rediit,</span> 
     </span>
    </p>
   </div>
   <div class='ocr_carea' id='block_1_13' title="bbox 0 0 1549 4838">
    <p class='ocr_par' dir='ltr' id='par_1_13' title="bbox 0 0 1549 4838">
     <span class='ocr_line' id='line_1_43' title="bbox 0 0 1549 4838; baseline 0 0"><span class='ocrx_word' id='word_1_441' title='bbox 0 0 1549 4838; x_wconf 95' lang='lat' dir='ltr'> </span> 
     </span>
    </p>
   </div>
  </div>
 </body>
</html>
