3084 4838
821 234 870 310 84

274 466 383 533 regem
403 446 613 511 Britannorum
635 447 781 528 increpat,
793 444 819 524 ¹)
842 449 1028 509 convenerat
1048 440 1147 523 nobis,
1169 459 1224 524 pro
1246 442 1317 523 boe,
1341 446 1426 528 quod

275 571 386 619 nomen
420 560 555 616 restrum
584 552 748 634 apostolico
776 551 888 615 nomini
915 547 1077 613 scribendo
1105 550 1332 630 praeposuistis,
1366 569 1427 617 vos

261 657 412 722 ¹modesta
445 658 652 739 increpatione
686 658 855 739 corrigere.
901 656 1015 717 'lamen
1043 655 1112 736 quia
1139 654 1303 736 apostolica
1329 674 1427 722 man-

274 763 403 831 suetudo
431 765 582 826 neminem
604 764 762 844 repentina
783 780 916 843 unquam
938 762 1109 823 invectione
1132 760 1290 844 redarguit
1312 769 1344 825 et
1364 783 1429 846 per

275 870 493 954 negligentiam
527 867 606 930 lorte
640 868 796 950 scriptoris
829 866 888 929 hoc
916 867 1057 929 evenisse
1085 875 1240 948 utcunque
1268 870 1425 951 cognovit,

276 975 388 1039 distulit
414 992 470 1038 vos
498 973 587 1036 modo
614 974 814 1062 promeritis
842 990 1000 1051 coercere,
1035 971 1115 1054 quod
1142 979 1258 1035 tanturn
1285 973 1426 1039 volumus

276 1081 455 1161 emendetis,
495 1087 638 1163 quantum
672 1079 853 1157 correctioni
886 1079 1111 1141 ecclesiasticae
1144 1096 1201 1160 pro
1231 1085 1290 1140 tam
1324 1098 1425 1160 prae-
1528 1088 1532 1151 ,³

275 1188 425 1269 sumptiva
453 1185 584 1249 factione
613 1187 774 1268 subjacere
802 1183 1003 1247 formidatis.“
1046 1181 1134 1245 Unde
1162 1191 1248 1245 recte
1274 1185 1423 1267 innuitur,
1526 1176 1529 1239 J

275 1294 373 1375 ipsum
399 1293 463 1374 Jam
495 1292 526 1352 in
554 1292 626 1374 jure
659 1291 778 1374 publico
805 1290 862 1353 sibi
889 1289 1088 1372 principatum
1116 1288 1266 1370 quendam
1291 1286 1424 1353 universs

274 1397 369 1460 salem
403 1396 584 1460 vindicasse.
636 1397 692 1460 Cui
727 1395 857 1458 fortasse
891 1394 922 1455 id
954 1413 1074 1476 quoque
1108 1393 1301 1479 suffragatur,
1342 1395 1426 1478 quod

274 1502 355 1565 idem
383 1503 497 1584 primus
525 1503 555 1562 in
582 1500 691 1564 litteris
719 1519 737 1563 a
764 1500 956 1583 principebus
984 1505 1016 1562 et
1044 1501 1194 1582 episcopis
1221 1501 1305 1565 titillo
1329 1502 1424 1582 „Ma-

272 1607 414 1691 jestatis“
442 1607 494 1670 rel
522 1605 741 1688 „nltimdinis“
768 1606 932 1670 honoratus
959 1606 1120 1669 invenitur.
1132 1603 1163 1681 ²)
1207 1605 1328 1673 Plenior
1355 1609 1425 1692 ejus
1527 1626 1528 1631 ¹

276 1714 324 1779 rei
346 1714 447 1795 imago
470 1713 562 1777 etiam
584 1713 780 1795 sequentibus
804 1711 1006 1778 exhibebitur.

500 1887 535 1949 F.
580 1887 688 1950 Circa
709 1894 937 1969 potestatem
959 1885 1203 1950 saecularem.

383 2009 554 2072 Universim
568 2009 709 2073 Nicolaus
732 2010 979 2092 sapientissimam
995 2010 1074 2072 illam
1090 2009 1202 2075 Gelasii
1215 2004 1422 2085 document)
1526 2072 1528 2091 Σ

279 2112 319 2178 de
342 2111 514 2178 discrimine
538 2121 569 2177 et
590 2122 693 2179 mutua
714 2115 855 2178 libertate
877 2117 1032 2198 potestatis
1055 2116 1280 2179 ecclesiasticae
1303 2122 1334 2179 et
1349 2134 1426 2180 sae·
1527 2100 1529 2123 '

279 2219 390 2285 calaris
416 2220 549 2284 tenebat.
595 2221 750 2301 „Fuerunt
777 2221 854 2283 haec
881 2227 949 2283 ante
977 2221 1138 2285 adrentum
1160 2221 1280 2301 Christi,
1308 2241 1426 2286 secun·
1528 2238 1529 2301 ξ

279 2324 350 2387 dum
377 2323 456 2387 illins
482 2342 618 2387 normam
646 2326 684 2387 ad
706 2325 884 2389 Michaelem
913 2326 1126 2407 imperatorem
1149 2329 1269 2408 scripsit
1292 2335 1357 2411 (ep.
1382 2329 1426 2392 86

278 2430 299 2496 l.
323 2448 351 2494 o.
375 2429 468 2510 960),
504 2437 536 2493 ut
559 2430 678 2512 qnidam
701 2432 802 2514 typice
824 2449 919 2513 reges
941 2432 1029 2496 simul
1052 2439 1083 2495 et
1105 2432 1281 2496 sacerdotes
1305 2435 1427 2498 existe-

278 2544 358 2617 rent,
394 2535 474 2619 quod
507 2545 641 2600 sanctum
675 2536 881 2600 Melchisedelr
910 2536 1004 2600 fuisse
1038 2555 1125 2601 sacra
1159 2538 1257 2620 prodit
1289 2539 1424 2619 historia,
1526 2612 1527 2615 Ἴ

280 2640 421 2725 quodque
445 2642 475 2704 in
497 2643 641 2705 membris
664 2645 726 2706 suis
750 2642 884 2706 diabolus
906 2643 1036 2706 imitatus
1070 2649 1188 2724 (utpote
1216 2644 1266 2723 qni
1288 2661 1420 2723 semper,
1459 2675 1463 2679 -
1525 2686 1526 2691 η

280 2765 360 2830 quae
383 2745 484 2809 divino
507 2746 598 2810 cultui
622 2748 814 2827 conveniunt,
839 2748 959 2811 sibimet
978 2749 1132 2830 tyrannico
1146 2736 1252 2828 spiritu
1265 2747 1425 2810 uindicare

281 2851 462 2932 contendit),
495 2859 530 2916 ut
561 2854 673 2935 pagani
705 2853 905 2935 imperatores
938 2851 1029 2916 iidem
1062 2861 1094 2916 et
1119 2855 1242 2917 maximi
1267 2854 1428 2936 pontifices

281 2957 465 3020 dicerentur.
512 2958 574 3023 Sed
602 2978 693 3040 quum
720 2959 759 3022 ad
780 2960 894 3023 Verum
921 2967 1045 3023 ventum
1073 2968 1130 3041 est,
1166 2960 1296 3023 eundem
1318 2978 1428 3040 regem
1520 2956 1521 2981 ³

281 3068 371 3143 atque
394 3061 575 3144 pontificem,
599 3064 677 3127 ultra
699 3064 756 3126 sibi
779 3083 837 3127 nec
859 3066 1023 3146 imperator
1040 3066 1111 3147 jura
1133 3067 1317 3148 pontificatus
1340 3063 1424 3125 arri-
1523 3114 1524 3119 ,

280 3169 344 3251 puit
382 3185 441 3231 nac
479 3169 616 3251 pontifex
654 3188 765 3233 nomen
802 3172 1027 3253 imperatorium
1061 3171 1222 3252 usurpavit.
1277 3167 1429 3244 Quoniam

280 3274 361 3338 idem
384 3274 532 3338 mediator
553 3264 615 3339 Ileix
635 3285 666 3340 et
688 3277 840 3340 hominum
863 3277 952 3340 bomo
976 3277 1109 3341 cnristus
1130 3277 1221 3339 lesus
1243 3275 1289 3339 sic
1312 3274 1430 3338 actibus

281 3381 412 3462 propriis
452 3389 483 3443 et
520 3380 713 3463 dignitatibus
751 3381 896 3445 distinctis
934 3381 1034 3445 officia
1070 3384 1229 3464 potestatis
1271 3382 1431 3462 utriusque
1529 3386 1531 3457 ξ

281 3483 439 3564 discrevit,
476 3486 598 3568 propria
630 3487 736 3550 volens
769 3485 940 3551 medicinali
972 3486 1137 3552 humilitate
1171 3505 1290 3551 sursum
1323 3485 1433 3547 efferri
1531 3514 1532 3523 .

389 3710 414 3777 ¹)
437 3715 463 3765 in
488 3729 530 3782 ep.
553 3713 588 3768 92
611 3713 643 3780 (l.
662 3730 686 3771 c.
704 3713 787 3779 970);
814 3713 931 3769 similiter
951 3717 978 3767 in
1002 3732 1097 3784 eppum
1118 3713 1258 3768 Dolensem
1280 3709 1308 3762 in
1332 3726 1376 3780 cp.
1394 3711 1431 3766 91

279 3797 300 3855 l.
318 3815 342 3855 c.
359 3800 427 3865 969)
445 3802 549 3855 invellit.

385 3885 412 3953 2)
434 3893 460 3942 in
486 3907 528 3960 ep.
549 3889 668 3942 Adventii
692 3891 752 3961 eppi
772 3891 881 3947 Metens.
905 3891 997 3957 (llard.
1015 3891 1046 3949 V.
1061 3890 1139 3956 321),
1165 3887 1213 3944 itd.
1234 3888 1262 3941 in
1281 3904 1325 3958 epu
1343 3884 1433 3940 Caroli

282 3975 355 4029 Calvi
372 3977 405 4028 ad
422 3976 504 4034 Nicol.
524 3977 556 4044 (l.
575 3994 599 4032 c.
619 3978 696 4042 689).

385 4061 412 4131 8)
431 4064 516 4123 Gelas.
534 4082 577 4137 ep.
594 4065 613 4121 4
631 4067 664 4118 ad
679 4066 798 4122 Anastaa.
816 4067 877 4137 imp.
895 4066 988 4134 (llard.
1006 4066 1037 4122 ΙΙ.
1055 4067 1134 4137 893),
1156 4064 1279 4136 inprimis
1297 4068 1383 4117 autom
1402 4060 1432 4114 iu

281 4159 351 4206 torno
369 4153 403 4207 de
421 4155 546 4212 anathem.
564 4140 670 4210 vincum*
689 4153 725 4222 (l.·
740 4171 764 4211 c.
782 4154 859 4220 934).
