3084 4838
830 280 881 358 it

286 492 417 580 graium
444 490 648 577 produxisse,
686 507 781 575 qaum
809 490 917 558 saltem
944 493 1064 560 crimen
1092 494 1233 565 incestus
1262 518 1370 587 usqne
1402 508 1447 577 nd

287 621 360 667 eum
383 598 512 686 gradum
536 602 736 679 computaret.
744 594 768 683 ¹)

395 706 549 770 ludiciurn
591 703 725 785 denique
767 702 806 766 de
845 705 949 768 causis
989 706 1262 775 matrimonialibus
1299 730 1445 796 prorsus

287 813 533 880 ecclesiasticum
568 826 642 873 esse
676 807 852 886 vindicavit,
889 811 931 874 ita
964 817 1068 876 tamea
1094 821 1129 879 ut
1155 816 1234 881 alter
1262 821 1446 908 conjugum

285 923 355 1006 ipse
378 922 542 984 accusator
563 911 777 1000 excuterem

526 1091 567 1155 b.
600 1088 654 1155 De
685 1088 852 1175 judiciis
887 1089 1189 1158 ecclesiasticis.

395 1249 516 1334 Optime
532 1247 676 1313 Nicotaus
700 1246 739 1312 de
758 1246 886 1331 judiciis
910 1247 1132 1314 ecclesiasticis
1159 1256 1349 1335 promeritus
1374 1266 1426 1325 est
1498 1276 1501 1353 l

287 1358 363 1425 llam
391 1363 424 1421 et
445 1353 591 1418 violentia
620 1355 839 1436 imperatorum
862 1352 1098 1436 byzantinorum
1128 1364 1160 1420 et
1183 1359 1320 1426 dissidiis
1351 1365 1430 1430 inter
1500 1380 1502 1469 q

287 1463 471 1547 carolingos
495 1460 616 1522 exortis
640 1458 753 1521 iactam
777 1465 853 1538 erat,
877 1465 912 1522 ut
934 1466 1059 1524 veteres
1082 1464 1320 1545 constitutiones
1345 1471 1434 1536 obli·
1501 1480 1503 1559 l

286 1576 404 1635 teratae
433 1573 486 1629 aut
508 1564 681 1646 antiquatae
704 1563 885 1627 viderentur
913 1572 945 1628 et
969 1566 1088 1648 Judieia
1118 1569 1328 1636 ecclesiastica
1351 1593 1435 1656 per·
1503 1582 1504 1645 l

287 1694 383 1756 saepe
409 1672 507 1756 magis
530 1670 689 1752 tyrannice
713 1688 803 1751 quam
832 1671 982 1734 canonice
1006 1671 1202 1739 haberentur.
1248 1679 1348 1754 Quare
1377 1681 1434 1745 ille
1504 1684 1505 1721 l

284 1783 416 1865 primum
451 1778 481 1841 id
518 1778 633 1861 ubique
673 1794 794 1842 summo
833 1776 936 1839 studio
971 1778 1047 1860 egit,
1089 1787 1123 1842 ut
1155 1782 1222 1864 ipsa
1255 1786 1428 1867 generatim

286 1886 326 1950 ‘ad
365 1885 524 1968 pristinum
566 1885 747 1947 canonicum
794 1883 974 1964 firmumque
1021 1883 1160 1949 ordinem
1200 1882 1421 1968 redigerentur.

283 1993 332 2057 lta
363 1993 395 2054 iu
424 1990 545 2073 judicio
581 1990 620 2053 de
648 1989 793 2053 Wulfado
828 1997 860 2052 et
893 1989 989 2051 suciis
1024 1990 1093 2071 ejus
1127 1992 1226 2057 habito
1257 1988 1425 2054 admodum

287 2095 502 2180 reprehendit,
550 2094 632 2176 quod
678 2095 738 2176 „illi
781 2102 851 2158 ante
891 2095 1078 2158 audientiam
1122 2105 1154 2161 et
1196 2103 1263 2162 ante
1304 2101 1429 2160 certum

287 2221 448 2268 numerum
484 2201 701 2283 episcoporum
729 2201 860 2283 judicati
894 2206 1016 2278 essent,
1055 2202 1138 2279 quod
1176 2203 1433 2285 metropolitanus

287 2309 381 2374 modo
405 2314 567 2370 accusator
590 2306 682 2369 modo
701 2307 803 2389 judex
827 2306 949 2385 luisset,
979 2302 1061 2387 quod
1085 2305 1144 2387 ipsi
1167 2306 1273 2372 elerici
1296 2307 1434 2373 libellum

286 2412 536 2498 proclamationis
570 2414 735 2495 porrigere
769 2411 919 2493 compulsi
953 2418 1075 2491 essent,
1114 2412 1166 2493 qui
1205 2420 1305 2476 tamen
1335 2415 1437 2495 juxta

289 2538 407 2584 morem
431 2520 530 2603 gestis
553 2535 615 2580 non
640 2517 786 2596 insertus,
817 2524 849 2580 et
877 2516 960 2599 quod
989 2517 1038 2580 vel
1067 2524 1212 2602 aegrotus
1234 2516 1347 2579 absens
1367 2519 1434 2600 ju-

289 2628 371 2690 dicio
395 2626 568 2689 submissus
592 2619 742 2704 esset.“⁸)
765 2623 912 2686 Similiter
934 2624 965 2684 in
990 2641 1082 2686 causa
1106 2643 1132 2688 s.
1153 2623 1264 2708 lgnatii
1288 2641 1434 2707 genera·

288 2734 342 2797 lim
367 2730 405 2793 de
425 2729 546 2813 judicio
570 2730 709 2811 episcopi
734 2723 926 2811 edisserit:⁴)
960 2728 1021 2807 „ita
1049 2731 1189 2794 volumus
1213 2748 1428 2812 quemcunque

288 2835 465 2921 pontificem
484 2834 629 2917 Judicari
653 2840 771 2896 utnon
795 2852 812 2896 a
836 2832 1045 2898 saecularibus
1069 2837 1241 2919 quibusque
1260 2835 1432 2918 judicetur,

288 2962 351 3007 nea
374 2942 534 3023 tyrannice
557 2940 753 3022 propellatur,
789 2957 851 3007 non
886 2946 957 3003 ante
992 2926 1177 3005 audientiam
1212 2942 1344 3006 eeclesia
1374 2959 1433 3005 sua

289 3049 436 3132 privetur,
463 3062 524 3108 non
548 3046 585 3107 ab
609 3045 810 3108 inferioribus
834 3045 890 3108 sed
915 3064 931 3107 a
953 3048 1080 3128 majoris
1103 3050 1273 3111 autoritatis
1296 3063 1433 3129 persona

288 3153 365 3217 recti
390 3151 496 3215 calculi
520 3152 702 3214 sententiam
727 3160 988 3234 consequatur‚..
1018 3159 1052 3214 ut
1080 3155 1198 3232 paterni
1222 3153 1343 3214 termini
1367 3169 1433 3215 non

280 3260 523 3340 transsiliuntur,
545 3277 587 3324 ss.
605 3277 742 3321 canones
762 3278 823 3321 non
841 3258 1062 3321 conculcentur
1077 3275 1136 3318 nec
1161 3256 1325 3320 decretalia
1349 3257 1380 3322 S.
1394 3259 1434 3321 Α.

288 3369 464 3443 constituta,
488 3364 601 3443 quibus
620 3363 754 3423 ecclesia
772 3369 835 3423 tota
853 3362 977 3427 fulcitur
995 3371 1027 3427 et
1044 3364 1188 3441 munitur,
1209 3363 1435 3444 quoquomodo

288 3503 371 3573 nsque
390 3504 449 3554 dum
468 3498 601 3567 generatio
620 3498 779 3565 recordatur,
798 3504 964 3569 cognoscitur
982 3510 1025 3554 aut
1042 3502 1165 3554 memoria
1183 3504 1314 3556 retinetur.
1343 3499 1436 3552 Gene-

288 3592 415 3645 rationum
444 3594 527 3639 nutem
558 3586 583 3637 iu
612 3585 659 3639 bac
686 3604 716 3640 re
741 3605 874 3643 numerum
901 3607 952 3643 non
980 3589 1141 3640 debuimus!
1177 3590 1247 3642 ldenr
1270 3582 1354 3635 reddit
1371 3600 1435 3648 ayn,

288 3677 412 3729 Wormat.
430 3674 483 3728 888
502 3688 524 3727 c.
543 3672 579 3728 32
597 3675 745 3741 (Herdonin.
763 3676 782 3731 l.
801 3694 824 3732 c.
842 3679 871 3729 V.
892 3678 964 3744 742).

283 3782 287 3788 ·
326 3762 762 3830 'plenomlltc.lt.cot.1132.
795 3766 832 3817 lta
850 3767 925 3817 etiam
949 3762 1087 3832 Gregorius
1106 3761 1140 3812 ΙΙΙ
1157 3774 1199 3825 ep.
1215 3757 1237 3811 l.
1256 3754 1287 3807 ad
1306 3769 1328 3807 s.
1345 3752 1435 3812 Bonis.

290 3851 350 3908 ab
372 3851 459 3917 (ilerd.
477 3853 519 3907 lll.
537 3853 617 3922 1869)
655 3862 682 3905 et
706 3855 759 3906 Leo
781 3853 814 3905 tlt
839 3867 882 3919 ep.
907 3852 939 3902 ad
963 3864 1044 3915 eppos
1066 3848 1157 3899 Bavar.
1181 3842 1361 3914 cognationem
1383 3859 1435 3911 per

290 3942 306 3996 7
324 3942 420 4011 gradm
439 3949 625 4009 computarent.
981 3996 984 4001 ,

324 4032 347 4101 ²)
366 4047 408 4097 ep.
428 4031 479 4085 124
498 4031 530 4082 ad
549 4016 840 4090 lohannem'arcbiepp.
858 4021 998 4077 Ravennat',

324 4122 347 4188 ³)
366 4136 408 4186 ep.
427 4119 479 4174 108
497 4118 530 4169 ad
548 4117 646 4169 Hincm.
663 4113 754 4166 libem.
774 4112 807 4168 lli.
828 4109 879 4165 col.
900 4108 979 4167 1102.

322 4210 347 4277 ⁴)
365 4223 407 4274 ep.
426 4192 479 4264 riu
497 4205 529 4260 aa
548 4203 644 4257 nerum
663 4200 703 4259 cv.
720 4200 754 4256 u.
773 4199 823 4256 cu.
844 4198 921 4256 roto.
