3084 4838
680 326 705 396 5

101 534 142 600 iu
169 536 288 600 litteris
310 534 350 599 ad
372 534 575 617 imperatores
603 549 700 618 reges
728 532 894 615 episcopos
917 531 1062 628 synodos
1086 530 1164 596 dabo
1186 547 1264 613 pro*

103 642 362 719 nunciabantur,
407 657 468 703 nec
512 656 530 701 a
574 655 729 721 quoquam
775 655 882 702 eorum
927 643 963 700 ut
998 637 1264 720 praesumptiones

103 749 307 811 notabantur
329 744 378 808 vel
399 744 630 827 rejiciebantur.
675 745 771 806 Immo
801 750 834 806 et
861 742 921 825 ipsi
950 742 1032 805 illum
1060 742 1169 805 litteris
1197 742 1264 806 suls

107 853 307 932 „Dominum
330 851 555 913 sanctissimum
579 851 736 931 totiusque
760 849 914 913 ecclesiae
935 848 1115 912 Pontificem
1138 854 1170 911 et
1188 849 1264 910 uni-

104 957 273 1019 versalem
295 955 423 1036 Papam“
445 955 595 1037 appellant
607 952 631 1040 ¹)
659 961 692 1017 et
718 954 822 1019 verbis
847 962 879 1018 et
902 954 992 1018 Iactis
1020 971 1168 1019 summam
1193 954 1263 1035 ejus

104 1059 368 1143 jurisdictionem
395 1061 584 1142 praedicant
639 1060 684 1121 lta
713 1059 889 1124 Ludovicus
917 1067 949 1124 et
975 1059 1139 1123 Lotbarius
1167 1074 1264 1142 reges

108 1165 344 1228 curn·adeunt:
369 1172 513 1246 „oportet
533 1170 656 1228 vestrae
679 1166 850 1229 autoritatis
869 1165 962 1248 jubar
976 1171 1103 1247 propter
1124 1181 1264 1248 generan-

38 1290 42 1297 ’
105 1269 179 1333 lem
204 1265 438 1332 sollicitudinem
462 1277 587 1333 nostros
611 1270 747 1332 invisere
769 1270 860 1349 lines,
883 1276 918 1333 ut
939 1270 1107 1352 apostoIIca
1129 1270 1263 1333 luvectio

104 1375 157 1438 ad
183 1391 346 1436 censuram
370 1374 612 1438 ecclesiastimm
636 1377 743 1438 venire
768 1375 945 1456 compellat“
969 1371 1093 1459 (llaron.
1110 1393 1180 1439 ann.
1197 1373 1263 1436 860

111 1498 147 1543 ιι.
176 1478 243 1558 30).
266 1479 411 1544 Similiter
435 1481 562 1543 Carolus
585 1480 694 1543 Calvus
718 1499 788 1544 eum
812 1480 997 1562 „specialem
1020 1486 1137 1561 patrem
1162 1479 1263 1541 diuina

112 1585 327 1666 dispositione
352 1585 517 1647 universali
541 1585 696 1648 ecclesiae
719 1586 947 1667 praepositum“
969 1591 1060 1648 vocat
1091 1580 1156 1669 (ep.
1180 1584 1201 1647 3
1224 1584 1263 1646 ad

114 1688 189 1751 Nic.
218 1688 269 1750 ed.
293 1687 396 1770 lligne
421 1689 553 1769 cxxiv,
582 1690 641 1752 col.
664 1687 744 1775 867)
779 1692 873 1771 eique
904 1707 1028 1772 semper
1054 1690 1263 1772 plenissimam

114 1793 330 1856 reverentiam
354 1799 387 1854 et
410 1793 616 1857 obedientiam
640 1795 769 1858 exhibet
790 1794 845 1876 (cl.
859 1795 1064 1875 cettepIstl.
1078 1792 1133 1881 c).
1162 1796 1261 1869 Quum

112 1898 152 1961 in
175 1896 305 1961 dIssIdIo
327 1897 476 1961 Ludouici
499 1899 545 1961 Pii
568 1906 601 1961 et
624 1899 754 1963 liliorum
777 1901 870 1962 animi
893 1900 924 1961 ln
949 1899 1135 1982 Gregorium
1151 1900 1261 1982 Papam

114 2003 292 2084 iniquiores
327 2009 451 2082 essent,
481 2009 584 2067 tamen
617 2004 804 2088 Agobardus
839 2006 1006 2087 episcopus
1029 2005 1260 2088 Lugdunensis,

118 2107 261 2170 doctrina
289 2114 322 2169 ct
344 2109 504 2170 sanctitate
532 2127 606 2189 prae
638 2110 780 2173 omuibus
804 2110 1008 2192 conspicuus,
1038 2128 1156 2195 aregc
1180 2128 1261 2173 con·

117 2213 220 2277 sullus
242 2229 305 2275 nou
329 2211 445 2274 dubitat
473 2213 568 2275 verba
597 2231 623 2277 s.
646 2213 761 2277 Leonis
783 2215 815 2278 P.
839 2215 999 2296 prolerre:
1038 2215 1262 2295 „ecclesiastici

117 2318 258 2381 muneris
293 2324 516 2380 sacramentum
551 2319 702 2382 Dominus
735 2321 777 2382 ita
810 2321 847 2383 ad
882 2321 1091 2403 apostolorum
1125 2322 1261 2383 omnium

35 2448 38 2453 ·
119 2422 257 2485 officium
279 2422 436 2504 perdnere
465 2422 570 2503 voluit,
600 2431 633 2487 ut
662 2426 693 2486 in
722 2425 902 2489 beatissImo
932 2427 1023 2489 Petro
1052 2427 1260 2509 apostolorum

118 2528 255 2591 omniurn
279 2543 400 2590 summo
424 2528 629 2609 principaliter
653 2531 829 2611 collocaret,
853 2539 886 2594 ut
909 2532 946 2594 ab
971 2533 1039 2613 ipso
1064 2534 1152 2613 quasi
1177 2550 1260 2614 qno,-

119 2632 189 2696 dam
218 2633 318 2714 capite
347 2632 427 2695 dona
458 2650 514 2695 sua
542 2634 625 2696 velut
652 2635 684 2696 in
713 2652 828 2716 corpus
861 2653 953 2700 omne
987 2636 1190 2717 diliunderet,
1228 2644 1262 2702 ut

119 2744 278 2801 exsortem
303 2755 339 2800 se
363 2740 502 2819 mysterii
526 2739 713 2822 Intelligeret
735 2757 810 2803 esse
834 2739 939 2822 diuini,
969 2743 1020 2823 qui
1036 2760 1131 2806 ausus
1148 2742 1261 2807 suisset

115 2860 138 2904 a
159 2843 240 2904 Petri
265 2843 418 2906 soliditate
441 2845 612 2907 recedere“
640 2845 696 2924 (de
720 2853 884 2927 comparat.
907 2849 1019 2931 regim.
1036 2849 1111 2911 eccl.
1127 2856 1159 2911 et
1174 2850 1259 2931 polit.

120 2946 171 3011 ed.
194 2945 299 3028 lligue
323 2947 394 3008 CIV.
419 2948 477 3010 col.
494 2948 582 3027 295).
617 2949 664 3010 De
689 2952 814 3011 coaevis
838 2951 954 3014 Nicolai
978 2954 1133 3036 epIscopis
1156 2962 1259 3019 autem

119 3068 177 3133 pro
207 3056 288 3112 teste
317 3048 511 3112 llincmarum
539 3052 745 3116 libanensem
775 3057 910 3118 omnium
934 3056 1024 3119 facile
1049 3059 1259 3126 doctissImunr

119 3164 153 3220 et
174 3155 316 3238 dignitati
329 3154 508 3237 episcopali
532 3155 600 3219 lere
624 3158 714 3220 nimis
737 3158 909 3223 studiosum
930 3163 1097 3227 adduxisse
1115 3167 1259 3232 sufficiet.

121 3261 179 3334 Qui
207 3260 323 3341 ubique
352 3260 518 3324 Romanam
548 3261 711 3324 ecclesiam
739 3265 991 3326 reverentissime
1015 3265 1117 3346 babet,
1146 3272 1259 3352 quippe

121 3365 273 3443 „omnium
297 3365 498 3428 ecclesiarum
523 3373 648 3428 matrem
672 3373 705 3429 et
727 3364 952 3450 magistram‘ffl)
978 3369 1034 3450 „ad
1058 3373 1147 3455 copus
1170 3375 1260 3438 solli-

121 3469 288 3531 citudinem
305 3471 486 3533 universalis
503 3464 636 3534 ecclesia
652 3474 831 3553 pertineret,
840 3469 882 3560 “³)
905 3494 1003 3556 „quae
1020 3478 1102 3559 quod
1119 3479 1258 3560 doceret,

120 3573 181 3637 boc
215 3574 275 3654 piis
311 3572 430 3636 devotis
464 3583 555 3657 atque
590 3577 748 3641 catholicis
783 3580 924 3644 omnibns
958 3599 1052 3663 posse
1083 3590 1115 3646 et
1143 3584 1259 3650 debere

155 3780 178 3845 ¹)
195 3782 242 3835 lix.
260 3798 299 3852 gr.
317 3782 343 3834 ia
362 3798 403 3851 ep.
423 3798 512 3852 eppor.
531 3800 588 3851 spu.
606 3785 759 3856 AquIsgrau.
777 3787 831 3842 880
848 3787 901 3857 (ap.
919 3789 1051 3845 llardouin
1068 3793 1085 3845 l.
1101 3810 1124 3847 c.
1141 3793 1257 3861 vdua),

113 3880 170 4007 {gi
181 3864 275 4015 ogau)
288 3868 359 3925 Cala.
386 3871 418 3937 (l.
437 3887 460 3924 c.
482 3888 507 3941 p.
526 3871 587 3939 603,
611 3872 687 3939 680),
714 3889 755 3942 ep.
779 3874 881 3930 Lotbar.
903 3893 959 3947 reg.
990 3880 1085 3950 (bligne
1103 3879 1188 3948 CXXI,
1206 3883 1256 3936 col.

153 3991 180 4106 ²),
199 4041 232 4091 de
249 4042 377 4108 praedest.
399 4055 453 4100 ntra
472 4046 642 4103 Godesclnalc.
666 4066 690 4103 c.
713 4049 756 4104 24.
781 4051 876 4122 epilog.
896 4070 918 4105 c.
941 4051 968 4107 4.
996 4054 1105 4121 (llincm.
1129 4035 1201 4124 opp
1214 4058 1247 4109 ed

120 4127 246 4181 samona.
263 4128 335 4181 rana
354 4131 712 4203 16451,p.150‚153‚370).
733 4155 774 4206 ep.
792 4139 834 4193 aa.
846 4139 946 4193 sacar.
957 4139 1030 4199 cuv.
1048 4128 1256 4216 (applausi

153 4217 180 4282 ³)
198 4218 272 4287 epist
291 4216 377 4272 Caroli
394 4218 424 4272 II.
443 4226 546 4278 nomine
564 4224 597 4277 ad
614 4224 671 4279 Iob.
690 4225 752 4281 VIII.
772 4229 859 4297 acrIpt
879 4227 960 4298 (Opp.
979 4230 1009 4296 ll,
1028 4228 1103 4297 778).
