3084 4838
672 304 725 377 8?

129 524 296 604 nuptiarum
320 516 516 585 ibedndtmnt
531 513 561 588 ¹)
576 517 672 580 sicut
681 514 721 578 de
744 513 842 576 forma
858 507 1004 592 Jnttm
980 503 1177 627 ecclesiastici
1189 501 1272 569 atter

129 631 166 753 ab
188 627 288 693 daero
304 624 596 705 discrepat·
934 640 939 652 ·

194 805 319 889 Quae
353 801 451 881 omnia
481 798 507 862 si
537 752 703 878 diligenter
722 744 1025 867 consideraverimus,
1058 756 1112 861 ,uti
1135 783 1272 848 dubitare

131 872 312 994 poterimus,
328 907 398 990 puin
422 905 562 969 Nicolaus
585 901 794 983 collectionem
813 897 931 979 Pseudo
933 876 1148 994 -lsidorianam
1171 889 1271 953 nnlla-

132 1026 220 1081 tenus
252 1033 315 1103 pro
343 1013 502 1077 autoritate
537 1009 673 1090 posuerit
706 982 927 1085 adbibueritve
961 1002 1051 1063 immo
1085 1017 1124 1062 ne
1154 996 1275 1061 noverit

133 1122 262 1209 quidem.
308 1121 357 1182 Ex
386 1118 480 1179 altera
509 1123 610 1178 autern
633 1121 719 1195 parte
742 1112 772 1175 id
795 1111 882 1175 simul
905 1114 1031 1195 antistat,
1067 1125 1135 1171 eum
1159 1101 1275 1184 princi-

133 1232 212 1313 pium
246 1224 320 1290 illud
341 1223 391 1285 de
425 1221 592 1292 universali
615 1204 798 1305 obligatione
827 1216 960 1299 cujusvis
976 1198 1113 1289 decreti
1132 1200 1277 1273 Pontificii

124 1334 321 1409 ‚strictissime
352 1329 500 1407 tenuisse,
534 1345 633 1407 eoque
662 1343 765 1403 sensu,
800 1320 942 1407 quidquid
965 1339 1006 1385 ex
1028 1298 1176 1401 eJ'usmodi
1199 1332 1277 1378 con·
1286 1369 1289 1373 .

134 1438 338 1506 stitutionibus
366 1435 558 1521 antiquitus
558 1431 739 1501 traditum
731 1431 855 1508 inuenit,
874 1446 944 1510 pro
974 1426 1053 1488 omni
1081 1424 1177 1487 forma
1201 1421 1280 1503 juris

133 1543 336 1609 ecclesiastici
368 1538 513 1617 imprimis
551 1555 671 1616 quoque
700 1554 755 1616 pro
784 1531 984 1597 describendo
1014 1537 1045 1591 et
1073 1518 1279 1609 amplificando

134 1652 268 1716 Primatu
289 1645 424 1707 Romano
448 1642 645 1703 convertisse
684 1640 728 1701 lta
751 1659 800 1702 ex.
825 1658 872 1722 gr.
896 1636 1050 1700 decretale
1073 1634 1144 1696 illud
1168 1632 1279 1694 Gelasii

137 1756 177 1816 de
208 1770 268 1815 non
298 1745 470 1811 dedicandis
499 1746 614 1827 absque
642 1745 761 1808 licentia
776 1748 821 1812 S
844 1744 882 1807 Α.
911 1744 997 1806 novis
1024 1740 1165 1817 basilicis,
1199 1736 1304 1829 quod·
1351 1800 1354 1804 ,

54 1882 60 1890 ’
137 1878 193 1942 pro
217 1855 368 1938 episcopis
391 1844 572 1934 suffraganis
594 1851 745 1914 Pontificis
766 1852 892 1914 Romani
916 1850 1068 1927 emissum,
1082 1843 1112 1921 ²)
1147 1845 1185 1907 ad
1206 1843 1279 1908 uni-

137 1961 290 2026 versalem
313 1958 475 2020 ecclesiam
498 1956 664 2019 transferre
687 1956 823 2018 intendit.
837 1952 866 2029 8)
901 1956 977 2018 Num
1000 1959 1161 2036 praeterea
1184 1970 1278 2014 eoro-

137 2070 220 2132 natio
248 2065 342 2147 ipsius
371 2064 449 2125 sicut
475 2061 608 2124 bonores
636 2048 767 2147 visitanti
792 2061 821 2121 ei
844 2062 882 2123 ab
905 2061 1087 2141 imperatore
1110 2057 1237 2140 impensi
1249 2053 1279 2130 ⁴)

139 2194 208 2240 cnm
253 2169 410 2235 sententiis
449 2167 593 2230 similibus
630 2165 796 2230 emmonis
826 2167 1011 2230 Constantini
1025 2164 1053 2240 5)
1085 2165 1279 2242 cohaereant,

139 2281 210 2345 mibi
246 2274 367 2361 quidem
400 2274 453 2335 uix
482 2272 675 2335 dubitandum
703 2271 833 2336 videtur.
862 2309 904 2320 -
932 2273 990 2336 Ubi
1017 2272 1115 2336 statim
1143 2270 1199 2333 alia
1227 2279 1297 2333 res-

140 2390 252 2468 enique
287 2383 376 2465 huJ'us
409 2380 555 2443 materiae
589 2397 686 2466 gnaro
713 2387 867 2461 occurret,
901 2377 1045 2443 videlicet
1070 2378 1223 2444 Nicolaum
1252 2378 1282 2441 in

140 2573 353 2592 W

249 2677 269 2745 ¹)
286 2679 318 2730 de
328 2679 378 2729 lroc
389 2677 491 2747 quidem
502 2676 622 2730 Nicolaus
632 2678 657 2730 in
669 2693 710 2744 ep.
722 2678 774 2736 tat
785 2678 941 2746 (commonit.
953 2677 1030 2747 legat.
1041 2679 1066 2729 in
1078 2644 1155 2731 causa
1166 2632 1283 2743 lireoth.)

141 2772 160 2827 l.
176 2785 199 2826 c.
208 2768 278 2823 1179
293 2775 318 2819 et
328 2782 397 2833 resp.
407 2767 440 2819 ad
451 2766 560 2822 consult.
569 2766 642 2836 Bulg.
652 2768 702 2822 c.3
714 2767 741 2834 (1.
753 2785 776 2822 c.
786 2768 848 2833 980)
860 2797 892 2806 -
903 2769 936 2822 cl.
945 2768 988 2820 Ps.
997 2767 1073 2820 Euat.
1087 2783 1128 2835 ep.
1143 2769 1157 2820 1
1171 2768 1188 2820 Ι.
1199 2783 1224 2831 c.
1237 2767 1284 2819 81.

246 2889 269 2958 ²)
288 2895 314 2944 in
337 2906 379 2957 ep.
404 2889 437 2940 ad
459 2904 542 2954 eppos
565 2889 668 2952 Lucam,
690 2889 761 2942 Brut.
785 2897 810 2940 et
829 2891 880 2943 Sic.
904 2892 939 2956 (ln
959 2892 1018 2944 cod.
1037 2891 1143 2957 Dionys.
1161 2889 1282 2955 „liceret

148 2978 250 3034 Gelas.“
267 2997 291 3034 c.
309 2979 328 3034 4
345 2986 372 3031 et
390 2977 425 3032 25
444 2975 485 3030 ed.
502 2973 602 3028 lustelli
620 2975 637 3030 l.
656 2991 680 3029 c.
698 2975 752 3031 240
770 2984 796 3029 et
812 2977 885 3043 244).

252 3099 275 3171 ³)
292 3104 319 3155 in
342 3116 384 3166 ep.
401 3100 438 3154 82
459 3098 492 3152 ud
508 3098 613 3150 Arduic.
630 3097 736 3155 Vesont.
755 3116 778 3154 c.
797 3100 815 3156 5
837 3101 865 3165 (l.
884 3113 908 3154 c.
926 3101 997 3167 920),
1024 3103 1099 3170 irgm.
1122 3117 1164 3168 ep.
1184 3105 1236 3158 135
1254 3105 1285 3154 ad

143 3189 256 3243 electum
274 3199 300 3243 et
318 3189 380 3242 cler.
399 3188 514 3240 Nocens.
532 3185 560 3252 (l.
579 3202 603 3239 c.
622 3187 711 3253 1130).

249 3309 272 3378 ⁴)
289 3311 379 3367 Anast.
402 3311 492 3377 „Vitae
509 3308 619 3364 ronnts‘
638 3308 702 3362 cvn
720 3327 745 3364 ιι.
763 3312 816 3387 575
839 3319 995 3376 ‚,eoronatur
1013 3303 1150 3379 denique,“
1168 3312 1195 3362 id
1213 3314 1283 3381 quod

142 3403 252 3472 primum
270 3397 396 3463 ejusmodi
414 3399 567 3465 exemplum.
601 3397 620 3454 Ι.
638 3415 662 3453 c.
680 3415 705 3451 ιι.
723 3400 776 3455 580
794 3400 1042 3467 „excellentissimus
1054 3398 1186 3468 Augustus
1206 3417 1282 3468 quum

141 3492 253 3546 vidisset
270 3502 326 3539 eurn
345 3484 506 3552 (Nicolaum),
524 3487 616 3539 obvius
629 3489 654 3540 in
667 3489 802 3542 adventum
816 3489 872 3555 ejus
886 3490 1007 3554 occurrit,
1025 3488 1176 3557 frenumque
1188 3487 1284 3541 Caesar

143 3579 204 3648 equi
223 3575 353 3630 Pontificis
372 3573 426 3624 suis
444 3573 559 3626 manibus
578 3578 783 3643 apprehendens,
811 3578 925 3645 pedestri
943 3577 1021 3629 modo
1040 3585 1160 3645 quantum
1179 3578 1286 3646 sagittae

140 3667 228 3734 jactus
246 3662 389 3716 extenditur
407 3661 508 3715 traxit.“

253 3786 275 3854 ⁵)
300 3787 333 3841 ci.
357 3784 473 3837 Edictum
499 3784 530 3839 D.
555 3784 713 3838 Constantini
734 3786 896 3852 imperatoris
924 3787 949 3854 (a
972 3786 1014 3840 Ρι.
1036 3786 1135 3839 lsidoro
1160 3791 1208 3840 etsi
1230 3790 1287 3856 ipso

147 3876 274 3929 vetustius
294 3873 428 3926 exhibitum
447 3873 465 3927 l.
484 3887 509 3928 c.
527 3873 603 3939 250J:
622 3873 801 3940 „decrevimus
820 3877 905 3944 itaque
923 3883 950 3928 et
966 3876 1025 3940 hoc,
1048 3885 1075 3927 ut
1092 3875 1158 3928 idem
1178 3893 1288 3928 venera-

145 3963 205 4017 bilis
223 3972 296 4029 pater
306 3962 438 4029 Sleester
456 3960 499 4014 vel
518 3977 609 4014 omnes
627 3961 683 4026 eJ'us
697 3978 865 4017 successores
877 3965 1012 4030 pontifices
1026 3962 1150 4029 diadema,
1169 3963 1289 4016 videlieet

147 4066 280 4114 coronam,
308 4066 383 4119 qnam
407 4066 439 4100 ex
463 4052 547 4116 capite
570 4058 659 4104 nostro
681 4051 723 4128 illi.
740 4053 926 4117 concessimus,
952 4052 987 4104 uti
1012 4051 1123 4102 debeant
1144 4060 1171 4103 et
1194 4067 1284 4104 eorum

150 4142 233 4206 capite
259 4138 292 4190 ad
311 4137 411 4191 laudem
430 4135 477 4189 oei
496 4153 543 4203 pro
561 4139 661 4192 bonore
679 4140 704 4195 b.
722 4141 789 4194 Petri
808 4149 910 4210 gestare
930 4176 991 4194 ....
1009 4146 1036 4191 et
1052 4146 1169 4191 tenentes
1188 4141 1286 4194 trenam

147 4229 208 4298 equi
228 4217 299 4280 illius⁴
312 4240 360 4293 pro
377 4227 522 4280 reverentia
540 4226 565 4282 b.
584 4226 650 4281 Petri
670 4229 785 4282 stratoris
805 4230 916 4283 cilicium
935 4223 970 4280 illi
990 4227 1173 4282 exhibuimus.“
