3084 4838
663 323 686 391 5

103 529 339 595 sublimitate·
355 530 581 609 consistunt,
614 530 720 593 immo
744 535 981 607 cunctorum,
1015 529 1075 611 qui
1097 529 1141 591 ab
1165 530 1245 594 eis-

103 636 181 699 dem
214 635 469 717 potestatibus
502 636 671 700 diversis
706 635 932 698 alliciuntur
968 634 1245 698 incommodis“

102 741 164 804 lloc
208 740 330 823 quidem
369 742 547 823 praeprimis
586 743 643 805 illis
682 742 862 805 turbulentis
880 810 883 817 ‚
901 739 1087 820 temporibus
1128 755 1243 803 summe

101 848 307 910 necessarium
336 864 406 910 esse
433 848 569 929 apprime
592 848 760 930 perspexit.
806 846 1018 928 „Quicunque,
1034 840 1245 927 ‘privilegium

101 952 318 1017 Bellovacense
340 953 443 1034 incipit
465 954 501 1029 (l.
520 973 547 1018 o.
564 952 658 1032 813),
681 954 712 1014 in
735 952 822 1034 hujus
845 951 973 1014 labentis
996 951 1110 1014 saeculi
1133 950 1246 1015 inerint

103 1059 202 1140 aliquo
229 1058 342 1122 detenti
370 1058 552 1138 discrimine,
586 1078 626 1121 ne
649 1058 733 1122 velut
759 1060 790 1120 in
813 1056 981 1121 fluctuantis
1004 1057 1095 1119 maris
1118 1056 1261 1140 pelagus,

103 1165 214 1227 viribus
236 1165 398 1227 infirmitati
419 1164 580 1228 infeliciter
603 1165 828 1247 demergantur,
854 1163 967 1227 nullum
990 1162 1096 1226 melius
1119 1170 1245 1243 possunt

7 1262 8 1281 ¹
101 1288 174 1333 suae
202 1270 385 1335 infirmitatis·
401 1271 539 1334 invenire
562 1269 751 1334 salutiferum
774 1277 892 1352 portum
915 1286 1004 1350 quam
1027 1268 1132 1332 sedem
1154 1269 1242 1347 illius,

7 1400 8 1447 1
101 1378 150 1442 cui
179 1375 279 1439 divino
303 1375 425 1439 oraculo
448 1376 558 1440 dictum
582 1385 644 1440 est:
679 1385 763 1456 „„to
785 1375 949 1455 monendo
972 1364 1142 1436 conversas
1163 1392 1245 1437 con-

7 1468 9 1559 }
98 1484 191 1561 *firmo
220 1481 339 1561 fratrea
366 1483 497 1544 taos.““
527 1517 568 1528 -
597 1483 672 1545 Prae
701 1482 837 1545 omnibus
865 1481 896 1542 in
925 1481 955 1545 S.
984 1478 1023 1545 A.
1053 1479 1241 1543 inconcussis
1364 1493 1371 1500 ‘

100 1587 269 1667 privilegiis
304 1585 486 1665 judiciorum
526 1594 557 1649 et
589 1588 724 1669 justitiae
763 1604 908 1651 summam
946 1585 1068 1648 tutelam
1107 1584 1243 1665 pendere

105 1689 270 1755 contendit.
314 1691 431 1769 „Quam
459 1710 546 1775 rogo,
576 1692 762 1774 Rodulphum
789 1693 911 1757 Bituric.
936 1691 1063 1772 ejusque
1083 1692 1242 1772 episcopos

101 1796 239 1874 increpat
261 1794 297 1870 (l.
321 1813 348 1857 c.
372 1795 465 1876 882),
493 1797 674 1861 validitatem
697 1808 799 1863 vestra
822 1804 963 1880 poterunt
985 1797 1099 1859 habere
1118 1794 1241 1879 judicia,

100 1900 127 1962 si
160 1907 262 1961 nostra
291 1902 518 1980 'quomodolibet
550 1905 746 1983 infirmantur,
781 1904 819 1967 de
857 1904 964 1985 quibus
996 1919 1060 1965 neo*
1082 1902 1242 1964 retractari

98 1996 192 2066 licet?
213 2004 264 2066 vel
287 2006 367 2085 quod
388 2008 482 2072 robur
504 2011 631 2072 concilia
654 2017 756 2071 vestra
779 2009 918 2072 obtinere
941 2007 1092 2086 valebunt,
1117 2008 1141 2068 si
1158 2024 1243 2069 suam

95 2108 267 2192 perdiderit
294 2110 390 2174 Sedes
417 2111 525 2192 Aplica
558 2113 739 2190 firmitatem,
776 2114 842 2174 sine
870 2113 955 2193 cuius
983 2130 1135 2175 consensu
1149 2112 1242 2185 nulla

98 2215 227 2279 concilia
249 2213 299 2301 vel
321 2222 445 2297 accepta
470 2233 539 2280 esse
561 2217 753 2299 leguntur‘l“
776 2197 846 2279 Nec'
862 2214 951 2277 facile
972 2216 1030 2278 hoc
1045 2234 1153 2279 varum
1170 2233 1241 2279 esse

94 2322 256 2403 ¹quisquam
279 2323 449 2402 negaverit.

204 2441 266 2508 Sed
303 2449 398 2506 restat
435 2450 468 2506 ut
500 2443 670 2523 videamus,
710 2444 741 2506 in
779 2463 839 2526 quo
873 2441 1067 2507 fundamento
1100 2444 1241 2509 Nicolaus

99 2555 278 2629 potestatem
317 2548 397 2610 illam
432 2550 615 2613 Pontificiam
653 2551 797 2631 posuerit.
853 2550 931 2613 Num
964 2548 1043 2612 forte
1078 2549 1241 2614 decretalia

98 2653 246 2736 quaedam
270 2655 388 2734 antiqua
412 2655 477 2717 sive
497 2656 670 2719 Pontificum
693 2656 759 2719 sive
782 2655 966 2738 synodorum
989 2657 1054 2719 sive
1077 2675 1151 2719 vera
1174 2658 1240 2721 sive

98 2758 174 2823 falsa
207 2778 263 2841 pro
296 2761 358 2823 suis
393 2760 449 2823 illis
484 2762 515 2826 S.
544 2761 582 2825 A.
612 2762 734 2826 summis
768 2762 935 2844 privilegiis
964 2763 1115 2844 appellat?
1147 2762 1240 2825 lmmo

98 2864 221 2943 saepius
258 2882 326 2926 cum
364 2865 497 2945 pluribus
531 2867 781 2947 praedessoribus
815 2869 876 2930 suis
893 2864 919 2939 ¹)
953 2868 1084 2945 extollit,
1124 2884 1240 2947 „super

7 2968 9 3041 ξ
101 2967 260 3030 ecclesiam
289 2970 453 3032 Romanam
492 2971 570 3032 nihil·
595 2989 726 3051 unquam
760 2971 908 3052 synodum
942 2971 1105 3053 quamlibet
1135 2989 1238 3035 ausam

97 3091 171 3136 esse
199 3075 416 3154 constituere‚“
429 3072 459 3149 2)
487 3075 684 3156 principatum
713 3077 778 3157 eJus
808 3095 868 3139 non
897 3095 937 3139 ex
964 3076 1025 3139 ullo
1049 3095 1165 3140 canone
1188 3077 1239 3140 vel
1333 3114 1335 3117 ν

96 3179 243 3243 decretali
272 3180 327 3243 sed
355 3199 396 3243 ex
424 3179 523 3242 divina
549 3181 733 3243 institutione
763 3180 920 3242 aClrristo
948 3182 978 3241 in
1006 3181 1035 3242 b.
1058 3183 1147 3243 Petro
1171 3181 1237 3243 dis-

94 3287 192 3367 posita
222 3285 367 3368 pendere.
383 3281 411 3360 ³)
458 3288 559 3362 Quare
588 3304 702 3349 summa
726 3286 815 3347 animi
837 3284 945 3348 fiducia
966 3284 998 3347 id
1020 3284 1131 3364 ubique
1154 3292 1239 3347 tenet

94 3398 127 3455 et
163 3391 334 3473 praedicat,
378 3391 535 3475 privilegia
579 3392 628 3455 illa
663 3393 774 3476 qnippe
812 3390 951 3454 divinitus
988 3383 1120 3453 ra'dicata
1157 3390 1236 3455 nulla

202 3615 226 3681 ¹)
249 3617 289 3669 Ex
308 3633 347 3686 gr.
359 3615 507 3670 Boniincius
526 3635 568 3687 ep.
587 3619 622 3675 14
640 3621 673 3673 ad
692 3636 775 3688 oppos
794 3620 908 3676 Thessal.
928 3637 952 3675 n.
971 3620 996 3674 1.
1022 3616 1164 3686 (Goustant.
1182 3619 1200 3676 l.
1213 3620 1237 3674 c.

92 3704 185 3773 1087),
209 3704 294 3760 Gelas.
318 3721 359 3772 ep.
381 3704 400 3759 4
422 3705 455 3757 ad
472 3705 590 3762 maetas.
607 3709 754 3776 imperator.
773 3708 865 3774 (llard.
882 3707 913 3762 ll.
931 3706 1008 3773 893),
1026 3707 1124 3761 decrat.
1142 3723 1168 3763 a.
1183 3707 1238 3762 494

91 3809 118 3863 tt.
138 3795 164 3850 1.
184 3794 217 3860 (l.
235 3812 259 3850 c.
277 3811 303 3850 n.
322 3792 399 3856 938).
1120 3854 1124 3857 .

200 3879 223 3950 2)
244 3884 277 3936 cr.
296 3870 344 3951 op
355 3882 390 3937 75
408 3882 440 3949 (t.
459 3898 483 3938 ο.
501 3881 577 3948 eon),
596 3899 639 3951 ep.
656 3883 692 3937 ao
710 3884 742 3936 uu
760 3882 834 3939 utcu.
851 3884 911 3951 imp.
931 3883 963 3948 (ι.
982 3899 1005 3937 0.
1024 3882 1099 3948 ooo).

199 3968 222 4038 ³)
246 3971 280 4025 ci.
304 3988 345 4038 op.
364 3972 399 4025 22
422 3972 454 4024 ad
480 3970 538 4026 Car.
558 3969 629 4027 Galv.
653 3971 685 4038 (l.
704 3989 727 4028 c.
746 3971 818 4039 803),
840 3973 906 4040 priv.
924 3971 1056 4026 Bellovac.
1074 3972 1102 4039 (l.
1122 3989 1145 4027 c.
1163 3972 1235 4039 813),

90 4060 159 4127 priv.
178 4058 283 4124 Gorbej.
301 4058 329 4123 (l.
348 4074 371 4113 c.
389 4058 460 4126 815),
479 4075 520 4128 ep.
539 4059 576 4114 75
592 4059 625 4113 ad
644 4077 725 4130 eppos
738 4058 802 4115 (tall.
821 4060 849 4128 (l.
868 4077 891 4115 c.
909 4060 981 4128 907),
1000 4077 1042 4128 ep.
1059 4059 1095 4115 86
1116 4060 1149 4112 ad
1160 4060 1235 4113 liliola.

89 4145 155 4215 imp.
173 4146 201 4215 (l.
220 4163 245 4204 c.
263 4145 316 4201 948
334 4145 410 4216 eqo),
432 4163 474 4215 ep.
493 4146 596 4203 104u1
615 4148 677 4205 cler.
696 4147 735 4206 Gt.
754 4149 781 4216 (l.
801 4167 825 4205 c.
843 4147 931 4215 1082),
955 4164 997 4217 ep.
1017 4148 1069 4204 152
1087 4147 1119 4201 ad
1137 4146 1236 4201 llincnr.

92 4241 122 4286 et
138 4250 223 4304 oppos
241 4237 258 4292 i.
276 4250 298 4291 r.
317 4232 402 4291 caroli
421 4233 450 4301 (l.
468 4239 492 4291 c'.
512 4234 600 4303 1157).
1068 4270 1072 4275 ·
