3084 4838
667 296 717 370 15

121 511 218 575 minus
245 508 451 589 subsequente
482 512 514 570 et
534 506 631 571 tenuit
652 523 775 588 semper
798 510 830 568 et
851 495 995 567 retinet.“
1041 505 1097 582 Oui
1119 504 1200 569 idem
1223 502 1262 569 de

122 618 184 700 ipsa
207 615 324 699 synodo
347 610 584 675 Chalcedonensi
607 613 647 675 ita
670 611 771 676 docuit
795 610 842 687 (in
864 617 945 673 tomo
968 607 1006 671 de
1030 612 1126 676 anath.
1149 613 1260 677 vincul.

121 723 141 786 l.
169 738 197 785 c.
228 720 327 793 929):
362 718 585 800 „cognoscant
619 717 768 801 synodum
801 717 902 779 Chalc.
931 715 1097 779 secundum
1131 736 1262 782 canones

120 826 305 910 regulasque
339 823 451 886 eccliae
486 841 541 905 pro
573 824 632 887 lide
667 823 816 888 communi
845 830 876 885 et
902 823 1031 886 veritate
1046 820 1204 884 lcatholica
1233 832 1263 885 et

8 940 9 963 ¹
121 930 295 1013 apostolica,
323 947 377 1010 pro
408 947 467 1011 qua
491 948 558 992 eam
581 929 648 992 fieri
671 928 766 996 Sedes
789 928 896 1010 Aplica
919 927 1264 1010 delegavit‘iactamque

122 1027 259 1113 firmavit,
294 1042 395 1097 atotu
418 1035 549 1097 ecclesia
571 1034 773 1099 indubitanter
795 1033 907 1096 admitti
914 1055 922 1110 ;
958 1032 1015 1096 alia
1038 1040 1148 1112 autem,
1185 1051 1263 1114 quae

8 1130 9 1135 ¹
124 1159 181 1225 per
207 1141 461 1221 incompetentem
484 1141 759 1221 praesumptionem
781 1139 841 1200 illic
863 1139 978 1220 prolata
1001 1145 1069 1202 sunt
1092 1173 1149 1216 -,
1184 1155 1264 1218 quae

124 1248 154 1312 S.
177 1245 217 1309 A.
242 1243 379 1327 gerenda
402 1243 570 1308 nullatenus
594 1245 757 1328 delegavit,
790 1263 862 1307 mox
884 1263 901 1306 a
923 1243 1044 1305 vicariis
1068 1244 1099 1308 S.
1122 1241 1161 1305 Α.
1186 1259 1265 1305 con-

119 1351 249 1416 tradicta
277 1350 467 1414 manifestum
495 1359 542 1414 est
555 1399 562 1415 .
577 1400 584 1415 .
597 1398 628 1415 ..
657 1351 694 1426 (l.
719 1369 746 1414 c.
770 1350 863 1423 933).
908 1348 951 1410 lta
979 1347 1059 1430 quod
1086 1347 1213 1410 brmavit
1235 1348 1266 1409 in

124 1448 239 1539 synodo
265 1455 360 1522 Sedes
376 1455 493 1537 Aplica,
516 1455 574 1518 hoc
595 1457 690 1520 robur
713 1456 849 1534 obtinuit,
873 1453 953 1538 quod
975 1453 1127 1532 refutavit,
1150 1453 1266 1515 habere

8 1622 9 1629 ,
124 1579 185 1624 non
207 1561 303 1642 potuit
324 1559 527 1623 firmitatemf‘
571 1562 621 1635 Ex
640 1562 698 1624 hac
721 1560 827 1624 eadem
850 1559 961 1623 Gelasii
984 1560 1152 1638 autoritate,
1177 1576 1265 1640 quam

8 1708 10 1751 5
124 1665 280 1728 Nicolaum
302 1663 351 1725 hic
373 1683 460 1727 mere
482 1673 618 1729 secutum
643 1684 712 1729 esse
736 1664 936 1743 manifestum,
966 1663 1053 1726 simul
1076 1663 1265 1727 concluden·
1381 1694 1383 1699 ·

127 1768 196 1833 dum
221 1776 277 1848 est,
301 1769 547 1859 approbationem
570 1771 717 1853 ejusmodi
739 1787 801 1834 non
822 1769 880 1832 nisi
904 1787 960 1850 pro
982 1768 1144 1831 universali
1160 1767 1266 1849 synodi

8 1960 9 1969 ἵ
127 1874 231 1937 valore
259 1874 303 1936 ab
338 1892 376 1937 eo
404 1876 608 1939 necessariam
636 1876 823 1960 postulatam.
869 1875 959 1937 Certe
988 1872 1187 1954 provinciales
1215 1880 1267 1935 aut

125 1978 323 2043 dioecesanas
345 1979 476 2062 synodos
495 1982 558 2062 jam
581 1984 702 2047 omnino
725 1980 933 2064 approbandas
956 1996 1037 2060 esse,
1060 1996 1206 2061 nusquam
1228 1977 1267 2041 ab

127 2102 165 2147 eo
187 2084 409 2166 pronuntiatum
430 2086 610 2151 invenimus.
716 2110 719 2115 ¹

260 2346 295 2410 d.
340 2345 450 2410 Circa
476 2346 786 2431 jurisdictionem
818 2345 1131 2411 ecclesiasticam.

230 2504 278 2566 De
302 2501 513 2585 jurisdictione
540 2504 664 2566 Romani
691 2489 839 2567 Pontificis
863 2504 926 2585 jam
955 2502 1092 2567 Gelasius
1119 2505 1150 2564 in
1178 2521 1266 2567 com-

8 2678 9 2689 ,
125 2608 284 2672 monitorio
313 2607 516 2672 ad-Faustum
545 2610 585 2671 ita
612 2607 773 2671 vindicavit
806 2605 913 2684 (Hand.
936 2607 971 2669 ll.
995 2607 1093 2681 886):
1129 2626 1267 2690 „quaero

125 2715 164 2778 ab
181 2715 236 2793 his,
256 2713 401 2795 judicium
423 2713 504 2797 quod
526 2713 734 2797 praetendunt,
758 2713 878 2777 ubinam
901 2715 996 2795 possit
1017 2713 1211 2796 agitarit...
1235 2715 1268 2778 Si

8 2828 9 2837 ’
127 2826 269 2899 quantum
307 2817 345 2880 ad
379 2820 559 2901 religionem
592 2820 733 2901 pertinet,
772 2820 890 2882 nonnisi
923 2817 994 2884 Sedi
1025 2818 1151 2900 Aplicae
1179 2819 1269 2901 juxta

127 2937 259 2983 canones
288 2918 416 2981 debetur
444 2940 560 2983 summa
583 2922 688 3002 Judicii
716 2923 816 2986 totius.
863 2923 894 2989 Si
922 2930 1063 3004 quantum
1091 2922 1129 2985 ad
1151 2924 1269 2987 saeculi

126 3030 317 3106 potestatem,
350 3023 400 3084 illa
427 3041 446 3084 a
472 3024 660 3103 pontificibus
690 3032 721 3085 et
748 3028 911 3107 praecipue
940 3046 957 3089 a
984 3027 1014 3090 b.
1044 3028 1124 3091 Petri
1151 3030 1268 3092 vicario

8 3176 9 3179 ,
127 3128 221 3192 debet
244 3145 445 3210 cognoscere,
469 3145 547 3209 quae
571 3126 670 3189 divina
691 3137 768 3208 sunt,
792 3147 853 3192 non
866 3132 932 3210 ipsa
947 3131 1054 3192 eadem
1064 3131 1221 3211 judicare.
1235 3179 1266 3196 ..

127 3233 302 3314 Apostolica
325 3233 450 3315 (igitur)
480 3233 630 3296 sententia
652 3239 742 3296 totam
764 3251 887 3314 semper
909 3233 1070 3296 ecclesiam
1092 3235 1268 3316 diJudicat.“

126 3337 263 3402 Eandem
295 3339 387 3420 igitur
414 3338 656 3419 jurisdictionem
683 3356 828 3402 summam
857 3355 942 3418 esse,
976 3338 1117 3402 Nicotaus
1145 3358 1268 3421 quoque

126 3443 240 3523 ubique
267 3443 452 3522 praedicavit
480 3451 512 3506 et
538 3442 624 3507 iactis
653 3452 816 3508 exsecutus
843 3451 900 3507 est.
946 3443 1040 3524 „Sedi
1061 3443 1267 3526 Apostolicae,

126 3547 166 3611 ad
187 3545 375 3628 Rodulpbum
401 3547 523 3611 Bituric.
553 3550 673 3630 scripsit
705 3555 770 3631 (ep.
796 3544 837 3613 65
861 3549 881 3613 l.
905 3567 932 3613 c.
956 3548 1049 3628 882),
1083 3568 1143 3612 non
1170 3551 1267 3615 solum

127 3651 278 3735 quoslibet
300 3652 554 3733 metropolitanos,
589 3648 715 3735 quorum
744 3672 835 3717 causa
859 3652 957 3715 eidem
980 3661 1028 3723 est
1049 3672 1171 3736 semper
1194 3674 1267 3719 ser-

126 3758 235 3839 vanda,
273 3776 380 3820 verum
413 3758 503 3820 etiam
535 3758 719 3838 patriarchas
752 3759 844 3821 moris
878 3765 926 3820 est
956 3775 1012 3838 pro
1046 3760 1268 3841 emergentium

127 3863 271 3945 qualitate
299 3861 442 3926 damnare
469 3862 520 3924 vel
548 3864 638 3926 etiam
654 3863 836 3941 absolvere,
871 3862 982 3943 jusque
1010 3879 1132 3944 semper
1161 3872 1192 3929 et
1221 3864 1270 3929 fas

125 3958 242 4047 'babuit
277 3965 315 4028 de
350 3967 487 4032 omnibus
520 3968 727 4049 sacerdotibus
750 3966 899 4060 judicare,
934 3973 1037 4049 utpote
1066 3970 1114 4033 cui
1141 3969 1268 4034 facultas

130 4079 186 4153 est,
220 4072 252 4135 in
280 4077 341 4135 tota
364 4071 472 4135 Christi
502 4064 632 4138 ecclesia
659 4074 748 4157 leges
770 4072 894 4155 speciali
916 4074 1127 4155 praerogativa
1150 4080 1268 4155 ponere

8 4172 10 4199 '
131 4193 166 4239 ae
189 4177 313 4242 decreta
336 4183 469 4240 statuere
493 4181 714 4243 acsententias
736 4177 963 4261 promulgare.“
