3084 4838
865 308 888 380 2

414 514 517 590 Quare
553 532 667 597 operae
702 515 832 597 pretium
868 522 934 590 est,
968 517 999 578 in
1034 515 1114 580 illius
1149 521 1237 599 gesta
1272 514 1465 601 diligentius

308 618 441 684 studium
466 620 639 684 intendere.
686 621 813 683 Praeter
841 619 932 682 multa
961 628 1061 684 autem
1092 622 1248 703 praeclare
1278 630 1344 685 acta
1369 625 1463 690 idem

308 727 401 807 etiam
421 744 486 805 non
508 742 606 809 pauca
630 726 755 791 decreta
778 725 884 803 edidit,
910 725 1021 807 onibus
1036 727 1090 808 jus
1110 728 1356 795 ecclesiasticum
1373 724 1464 795 illins

308 833 455 913 temporis
480 833 641 894 utilissime
666 832 782 913 adjuvit
811 838 842 893 et
866 833 1027 915 promovit.
1073 832 1119 893 De
1149 833 1260 913 quibus
1289 833 1352 896 lroc
1383 835 1460 901 loco

309 938 510 1016 disserturus,
535 944 567 999 et
590 938 757 999 memoriae
782 934 861 999 iilius
886 950 910 999 s.
934 936 1091 1000 Pontificis
1118 944 1149 998 et
1171 937 1320 1001 historiae
1344 941 1453 1003 eccle-

309 1044 375 1106 siae
403 1044 586 1124 praeprimis
614 1044 697 1125 juris
727 1044 868 1109 canonici
902 1042 983 1106 lraud
1018 1043 1172 1126 ingratum
1208 1062 1257 1105 nrc
1292 1044 1456 1109 allaturum

309 1166 382 1212 esse
406 1167 511 1230 spero.

417 1255 479 1318 Sed
503 1254 637 1318 tortasse
661 1255 731 1336 quis
754 1253 828 1315 milri
853 1252 952 1315 statim
977 1252 1216 1331 contradixerit,
1238 1252 1322 1332 quod
1345 1254 1460 1318 Ponti-

310 1357 361 1421 lici
390 1359 431 1422 illi
460 1359 551 1423 ullum
578 1361 632 1444 J‘us
660 1360 764 1443 legum
795 1358 992 1421 serendarum
1022 1357 1121 1420 inisse
1157 1364 1188 1420 et
1222 1358 1297 1421 ideo
1327 1359 1458 1425 decreta

306 1465 379 1547 ejus
398 1466 466 1548 jam
485 1466 575 1550 leges
600 1466 729 1529 dicenda
754 1481 827 1529 essa
851 1464 1023 1547 negaverit.
1045 1464 1155 1539 Quare
1171 1465 1302 1544 primum
1318 1464 1357 1543 do
1373 1467 1458 1544 illius

308 1589 384 1635 vera
406 1571 580 1651 autoritate,
604 1578 638 1635 ut
659 1572 700 1634 ita
726 1571 839 1649 dicam,
863 1569 995 1652 legitera
1018 1569 1156 1633 breviter
1178 1569 1334 1653 agendum
1356 1579 1418 1635 est.

856 1763 899 1832 1.

304 1865 433 1961 ‚Num
443 1879 634 1937 revera
644 1862 874 1937 Nicotaus
887 1860 1206 1937 autoritatem
1218 1863 1455 1937 habuerit

335 1975 477 2057 tetes
493 1970 812 2045 universales
830 1969 1200 2047 ecclesiasticas
1213 1967 1427 2043 ferendi.

417 2133 450 2197 si
472 2132 533 2194 hoc
560 2133 630 2195 loco
654 2135 857 2212 autoritatem,
883 2140 914 2195 ut
937 2134 977 2195 ita
1009 2128 1121 2209 dicam,
1152 2128 1313 2216 legiferam
1336 2124 1454 2194 Nicolai

310 2237 393 2300 tueri
415 2237 501 2317 uolo,
537 2239 661 2302 minime
693 2239 766 2302 milri
796 2241 827 2302 in
858 2234 960 2301 animo
984 2245 1042 2318 ost,
1076 2239 1169 2321 longa
1193 2245 1372 2322 argumenta
1395 2250 1452 2318 pro

308 2344 380 2426 jure
404 2344 454 2406 illo
478 2344 658 2407 Pontificum
681 2346 889 2408 Romanorum
914 2352 1034 2407 texere.
1071 2344 1137 2406 lloo
1160 2345 1260 2408 solum
1285 2343 1455 2421 ostendam,

311 2450 344 2511 id
365 2449 417 2512 illo
439 2456 578 2532 ternpore
598 2451 662 2532 jam
686 2450 902 2513 universaliter
924 2452 964 2513 ita
984 2451 1120 2533 agnitam
1141 2450 1240 2513 luisse
1260 2458 1291 2513 et
1308 2450 1455 2528 valuisse,

307 2562 346 2619 nt
379 2556 523 2619 Nicotaus
557 2574 620 2620 non
654 2558 755 2620 minua
793 2576 834 2619 ex
864 2572 932 2619 aua
970 2558 1061 2620 animi
1100 2555 1251 2619 sententia
1287 2570 1376 2632 quam
1413 2570 1456 2615 ex

293 2663 447 2730 ,omnium
472 2680 628 2725 consensu
646 2663 827 2727 universalis
849 2662 1009 2745 legislator
1025 2660 1254 2725 ecclesiasticus
1270 2658 1455 2722 exsisteret.

311 2764 357 2830 lta
379 2768 502 2848 quidem
527 2768 600 2829 satis
624 2767 787 2845 elicietur,
811 2775 843 2830 et
866 2768 991 2830 decreta
1015 2770 1084 2851 ejus
1108 2767 1195 2849 leges
1220 2764 1455 2827 ecclesiasticas

313 2882 346 2937 et
367 2876 466 2958 ipsum
489 2873 698 2956 legislatorem
722 2873 967 2936 ecclesiasticum
992 2876 1080 2957 insto
1100 2874 1172 2954 jure
1197 2869 1257 2932 dici
1280 2884 1386 2951 posse.

419 2981 549 3043 Primum
574 2981 668 3061 igitur
690 2976 834 3042 Nicotaus
863 2981 931 3062 ipse
962 2981 1079 3062 absque
1108 2976 1166 3041 ulla
1184 2978 1290 3040 >antini
1313 2976 1450 3038 haesita·

312 3088 398 3150 tione
425 3104 483 3168 pro
512 3084 686 3147 certissimo
714 3084 834 3164 habuit,
870 3087 927 3149 sibi
957 3094 990 3148 ut
1018 3087 1135 3147 vicario
1165 3085 1246 3145 l'etri
1281 3091 1311 3145 et
1342 3080 1447 3146 Christi

314 3192 459 3255 divinitus
488 3208 636 3254 summam
665 3199 698 3253 et
726 3193 930 3256 universalem
960 3191 1094 3254 omniurn
1125 3188 1326 3250 ecclesiarum
1352 3196 1450 3249 curam

314 3305 346 3362 et
363 3298 612 3382 jurisdictionum
637 3298 832 3360 commissam
857 3317 940 3360 esse.
986 3294 1162 3375 Perlegenti
1189 3293 1307 3355 litteras
1332 3296 1400 3374 eius
1423 3293 1453 3354 in

314 3402 499 3487 quacunque
523 3403 591 3465 tere
614 3406 725 3487 pagina
751 3408 915 3468 occurrent
939 3401 1134 3463 documenta.
1169 3398 1208 3461 tlt
1231 3417 1273 3461 ax
1296 3397 1454 3480 permultis
1511 3476 1512 3479 Ἴ

313 3526 410 3591 pauca
434 3508 575 3586 aiteram,
605 3509 642 3570 ad
673 3512 837 3574 universos
866 3511 1030 3591 episcopos
1055 3502 1169 3568 Galliae
1199 3507 1249 3568 ille
1280 3506 1319 3565 ita
1348 3500 1453 3561 scribit
1511 3558 1512 3573 ,

315 3611 381 3698 led·
403 3615 508 3697 iligna
531 3630 580 3695 ep.
605 3613 646 3677 15
671 3616 728 3678 col.
752 3613 832 3701 907)
857 3618 886 3696 t:
923 3612 1082 3695 „Christus
1106 3612 1265 3695 privtlegia
1289 3603 1450 3667 constituta

351 3790 372 3857 ¹)
390 3788 522 3857 Epistolae
544 3789 642 3842 llicolai
667 3790 750 3842 editae
772 3791 934 3859 reperiuntur
956 3788 1027 3856 apud
1048 3785 1177 3839 llardouin
1201 3778 1259 3832 coll.
1284 3792 1359 3829 coac.
1386 3784 1404 3830 t.
1421 3775 1451 3830 t.
1510 3830 1511 3866 t

315 3884 342 3931 et
358 3876 439 3930 Menai
464 3876 523 3928 coll.
547 3893 620 3930 conc.
643 3887 661 3930 t.
679 3879 732 3945 tlt,
749 3879 814 3943 xvt,
837 3888 971 3948 praeterea
995 3876 1111 3945 singulae
1135 3886 1222 3924 aarum
1245 3865 1314 3936 apud
1339 3865 1451 3935 singulos

313 3971 535 4019 monumentorum
551 3965 704 4018 ineditorum
714 3967 869 4020 collectores
889 3969 991 4037 (θην.
1002 3965 1143 4025 Baluzium,
1164 3958 1303 4029 schannat,
1320 3954 1451 4007 llontheim

316 4062 342 4106 ct
364 4053 411 4119 al.)
455 4051 525 4118 Quas
549 4070 639 4107 omncs
664 4053 770 4124 collegit
798 4061 824 4106 et
846 4054 936 4105 ordine
959 4054 1082 4107 historico
1107 4050 1247 4119 diapomtaa
1271 4045 1350 4100 edidit
1371 4041 1452 4109 lligne

316 4141 494 4213 „Patrologiae
513 4159 580 4196 curs.
599 4143 674 4214 cplt“
693 4152 711 4196 t
731 4142 807 4196 CXlX
819 4142 868 4195 cal.
879 4141 1046 4211 toa-1182
1085 4140 1137 4211 liae
1155 4141 1233 4208 igitur
1252 4134 1363 4188 editiora
1381 4137 1452 4183 utens

315 4242 363 4298 pro
381 4228 566 4299 significatione
585 4249 678 4303 ponam
696 4233 728 4285 tt.
748 4232 850 4299 adjecto
868 4248 974 4284 numero
993 4220 1124 4299 epistolae
1137 4237 1163 4279 et
1181 4225 1323 4278 columnae.
