3084 4838
668 327 690 395 7

108 530 286 598 Antiochiae
309 537 342 595 et
364 528 595 606 Alexandriae.)
629 530 758 594 Proinde
781 530 1076 597 animadvertendum
1099 542 1156 615 est,
1179 540 1249 618 quia

108 657 169 702 uon
204 639 320 702 Nicena
356 655 417 700 non
453 636 583 717 denique
625 637 686 700 ullu
728 635 861 719 synodus
898 635 1066 719 quodquam
1096 641 1249 704 Romanae

109 745 259 809 ecelesiae
283 741 630 824 contulitprivilegium,
653 744 785 824 quaein
808 744 896 806 Petro
919 752 1046 806 noverat
1068 763 1135 806 eam
1157 749 1247 811 totins

103 852 175 933 jura
207 850 363 930 potestatis
397 848 526 929 pleniter
558 848 709 912 meruisse
743 856 775 911 et
808 856 982 913 cunctarum
1012 848 1120 914 Christi
1148 852 1247 915 ovium

107 956 249 1038 regimen
271 955 426 1036 accepisse
450 960 535 1028 (sec
553 953 688 1017 Bonilac.
711 971 760 1035 ep.
785 953 822 1016 ad
844 971 939 1036 eppos
962 932 1214 1030 'llressal.).-
1128 956 1148 989 ‘⁶

216 1077 284 1143 Sola
306 1078 429 1159 igitur
420 1096 451 1139 rn
474 1076 573 1138 divina
595 1077 779 1140 institutione
801 1076 942 1140 Nicolaus
964 1078 1072 1159 primat
1073 1096 1108 1141 us
1060 1079 1251 1142 tllomani

3 1196 4 1225 ³
105 1185 156 1267 jus
182 1200 328 1264 suamque
356 1181 394 1243 de
424 1182 491 1263 ejus
520 1183 708 1262 perennitate
736 1181 875 1246 fiduciam
897 1181 991 1247 fulcit
1037 1183 1175 1247 canones
1196 1192 1249 1249 aut

109 1288 280 1352 decretales
318 1293 429 1366 autern,
464 1305 542 1368 quae
574 1288 605 1349 in
637 1288 693 1350 hac
726 1306 762 1349 re
796 1286 925 1367 adducit,
960 1288 1160 1352 tantummodo
1193 1309 1248 1371 pro

107 1394 287 1458 testimoniis
312 1391 449 1475 adhibet,
476 1392 596 1474 singula
626 1391 762 1475 ejusdem
785 1394 855 1476 Jura
878 1394 941 1477 jam
965 1395 1125 1475 antiquitus
1147 1397 1249 1477 agnita

3 1506 5 1579 ζ
107 1517 190 1565 esse.
208 1497 235 1574 ¹)
280 1498 357 1561 Num
386 1505 486 1561 autem
514 1496 592 1560 ione
619 1499 661 1560 ibi
688 1497 959 1562 Pseudo-Isidorus
987 1501 1043 1580 ipsi
1071 1508 1249 1582 argumenta

108 1604 332 1686 suppeditavit?
350 1603 450 1677 xQuae
479 1603 613 1684 quaestio
640 1624 731 1686 quum
753 1612 895 1682 accurate
918 1604 1040 1667 diffiniri
1062 1623 1122 1668 non
1145 1607 1249 1687 possit,

3 1720 4 1803 l
110 1710 169 1771 nisi
198 1709 300 1788 'ipsum
330 1708 380 1789 jus
417 1708 612 1788 Pontificium,
652 1709 732 1791 quod
764 1710 905 1773 Nicolaus
935 1710 1117 1790 exhibuerit,
1157 1719 1249 1774 tatum
1298 1788 1299 1791 Ἴ

111 1821 200 1876 antea
223 1821 432 1895 cognoscatur,
455 1813 602 1878 hocloco
625 1815 799 1898 simpliciter
821 1833 953 1899 negasse
976 1814 1113 1879 sufficiat.
1159 1816 1249 1880 Plena

3 1940 4 1943 ¹
74 1907 81 1917 '
108 1926 290 2001 argumenta
311 1917 430 1983 demum
453 1919 603 1983 adfinem
626 1923 656 1985 in
679 1921 846 2004 appendice
868 1922 881 1984 l
903 1921 1106 2003 proferentur.

644 2145 713 2214 n.

109 2303 189 2373 lle
213 2296 423 2386 singulis
438 2296 655 2384 juribus,
678 2314 808 2388 quae
830 2297 1057 2373 Nicolaus
1079 2302 1250 2376 Ponti·

320 2420 469 2495 flciae
490 2422 727 2509 potestati
749 2423 1043 2501 asseruerit

255 2585 294 2647 A.
340 2582 448 2647 Circa
480 2585 760 2665 inspectionem
794 2585 1106 2650 eeclesiasticam.

219 2705 461 2786 „sollicitudinis
505 2726 594 2789 quarn
631 2728 686 2791 pro
708 2691 873 2772 ⁴universis
911 2709 1049 2773 ecclesiis
1087 2711 1250 2774 DominicIs

112 2813 306 2892 sustinemus,
340 2813 507 2875 necessitas
529 2832 585 2877 nos
609 2815 769 2895 compellit,
805 2813 842 2876 de
866 2817 996 2879 omnium
1019 2815 1150 2880 fidelium
1173 2823 1251 2878 statu

3 2964 5 2979 .
114 2917 272 2997 impigram
310 2936 424 3000 gerere
463 2919 720 2999 providentiam,“
759 2919 900 2981 Nicolaus
934 2920 1051 2983 nobiles
1085 2920 1251 3000 Aquitanos

114 3020 283 3101 alloquitur,
328 3024 378 3103 qui
422 3024 478 3104 ipsi
523 3022 561 3084 de
607 3023 805 3085 ecclesiarum
843 3023 1125 3107 depraedationibus
1162 3025 1252 3088 delati

113 3126 236 3190 inerant
264 3135 328 3209 (ep.
356 3126 415 3189 111
441 3128 460 3190 1.
484 3146 511 3190 c.
537 3126 650 3202 1114).
696 3128 751 3190 Cui
773 3129 980 3208 providentiae
1003 3138 1036 3193 ut
1051 3132 1251 3212 justesatis-

111 3234 211 3312 lieret,
252 3241 283 3296 et
319 3231 482 3296 relationes
520 3234 730 3315 episcoporum
751 3234 948 3315 ‘exquirendi
985 3242 1016 3296 et
1051 3236 1168 3316 legatos
1203 3236 1253 3297 vel

112 3340 255 3421 epistolas
278 3337 429 3419 dirigendi
447 3339 499 3421 jus
522 3339 553 3406 S.
577 3340 615 3403 A.
640 3357 710 3403 esse
733 3339 845 3421 ubique
869 3340 1007 3402 asseruit.

219 3463 267 3523 De
295 3460 440 3522 relatione
474 3463 593 3544 quidem
631 3465 841 3547 episcoporum
869 3463 989 3544 saepius
1025 3461 1097 3527 illud
1134 3458 1252 3526 concilii

113 3567 305 3636 Sardioensis
328 3566 467 3646 inculcat,
496 3571 660 3650 „optimum
684 3569 824 3647 etvalde
847 3560 1149 3652 congruentissimum
1172 3587 1253 3650 esse,

222 3792 243 3862 ¹)
267 3794 339 3849 Sicut
362 3811 394 3847 cx
415 3810 454 3864 gr.
478 3794 511 3846 de
535 3809 631 3847 summa
651 3794 829 3859 jurisdictione
852 3792 879 3848 S.
896 3795 927 3847 Α.
946 3793 1074 3847 Gelasium
1093 3796 1127 3846 ita
1145 3797 1257 3864 appellat

112 3886 168 3954 (cp.
193 3880 268 3938 751.
291 3900 315 3939 c.
333 3883 409 3950 90blt
437 3884 477 3951 „si
500 3884 557 3953 quis
581 3891 665 3936 autem
691 3883 767 3934 tacita
789 3885 856 3935 torte
883 3881 1068 3949 (mussitatione
1092 3882 1255 3951 obtenderit),

115 3974 246 4026 Romanae
273 3971 417 4036 hujusmodi
444 3972 574 4025 ecclesiae
598 3971 731 4042 privilegia
753 3988 806 4024 non
829 3973 918 4037 luisse,
946 3970 1036 4041 quibua
1060 3970 1142 4025 Sedes
1165 3971 1256 4040 Aplica

116 4060 223 4113 eborum
240 4059 319 4128 ligata
337 4061 481 4127 praesulum
497 4060 644 4114 facultatem
661 4059 777 4115 babuerit
789 4061 956 4124 desolvendi,
974 4060 1157 4129 praeterquod
1172 4061 1256 4128 prisca

116 4164 202 4201 rerum
237 4147 389 4218 probatione
423 4158 450 4201 et
484 4148 660 4204 nonnullarum
696 4150 847 4203 recitatione
877 4151 1058 4220 scripturarum
1088 4149 1256 4215 convincitur,

117 4239 214 4291 tertia
233 4245 286 4290 ert
304 4236 329 4290 b.
349 4234 473 4303 Gelasiur,
491 4239 535 4306 qui
553 4238 622 4293 etc.“
