3084 4838
298 538 480 617 spectantes
503 528 634 614 impigro
655 527 800 593 restituit
838 527 874 592 lu
902 528 1015 612 quibus
1044 528 1176 612 primurn
1199 529 1464 615 irregularium

302 647 338 705 nt
356 640 462 703 stricte
480 637 711 718 respicerentur
727 635 850 699 institit:
873 653 932 714 „nc
955 635 1002 698 irs
1025 653 1099 700 esse
1122 636 1257 701 cooddut
1281 637 1462 721 quisqm

303 744 490 827 pontificum,
514 741 551 804 ad
574 740 665 804 illici.
688 741 760 821 imp.
784 739 901 821 scribit,
930 740 1084 824 bigamos,
1113 747 1168 805 aut
1197 743 1344 827 conjugia
1373 763 1463 810 sor-

300 851 417 913 tientes
439 853 493 910 ant
514 846 552 909 ab
582 846 648 908 rliis
678 845 835 925 derelicto,
858 841 918 932 (i)
950 847 1018 911 siro
1047 843 1202 929 quoslibet
1230 854 1303 929 post
1330 853 1461 930 poeni·

300 954 439 1032 tentiam,
462 951 512 1015 vel
534 951 601 1014 sine
616 950 738 1029 litteris,
763 951 812 1014 vel
828 969 960 1033 corpore
975 953 1108 1032 vitiatos,
1123 951 1173 1015 rel
1189 953 1459 1038 conditionarios,

303 1065 357 1122 aut
380 1059 485 1122 curium
508 1056 760 1139 publicarumque
783 1074 889 1120 rerum
906 1058 1041 1121 nexibus
1058 1057 1240 1140 implicatos,
1264 1067 1318 1122 rut
1331 1063 1457 1141 pussim

303 1163 385 1228 nulls
419 1162 567 1244 temporis
601 1162 805 1245 congruentis
839 1164 1074 1244 exspectatione
1115 1162 1293 1244 discussos,
1334 1166 1454 1232 divinis

303 1270 478 1333 servituros
501 1268 653 1350 rpplicare
676 1268 867 1348 ministeriis,
891 1285 994 1350 neque
1016 1287 1073 1350 pro
1095 1285 1156 1332 suo
1178 1269 1267 1333 libitu
1282 1270 1356 1352 jum
1378 1280 1448 1338 stu·
1517 1268 1518 1275 '

305 1373 400 1438 deant
420 1374 520 1437 rliena
543 1373 713 1456 pervadere
736 1373 854 1455 absque
878 1373 909 1438 S.
934 1374 971 1437 A.
990 1375 1096 1457 justae
1119 1372 1333 1456 dispositionis
1358 1373 1445 1441 mru-

299 1479 405 1544 dsto.“
418 1476 443 1557 ¹)
487 1477 521 1542 lc
550 1477 660 1562 fragm.
691 1496 739 1559 ep.
769 1477 807 1540 ad
836 1477 1027 1542 Adolwinum
1056 1477 1166 1542 lurra.
1201 1479 1289 1543 lrisce
1317 1481 1452 1546 addita

303 1583 508 1649 dromonibus
532 1579 730 1669 obsessos.²)
775 1582 896 1646 Deinde
927 1583 966 1645 ad
993 1584 1222 1665 reprimendam
1251 1585 1453 1652 ambitionem

306 1691 419 1755 iterum
435 1688 611 1771 iterumque
627 1688 865 1753 constitutiones
881 1695 1006 1752 veteres
1021 1690 1155 1770 repetiit,
1179 1708 1220 1754 ne
1236 1690 1452 1757 ordinationes

305 1814 362 1879 per
372 1795 480 1860 saltum
494 1794 606 1858 tierent
618 1812 698 1857 nere
709 1793 806 1856 laicus
819 1794 920 1858 statim
933 1794 970 1857 ad
983 1795 1193 1876 episcopatum
1200 1794 1450 1881 assumeretur.⁸)

410 1899 460 1963 Ex
483 1900 534 1979 iis,
558 1918 639 1983 quae
663 1900 744 1962 vitae
768 1897 918 1961 clericalis
937 1899 1130 1962 honestatem
1154 1906 1297 1981 spectant,
1319 1904 1446 1977 praeter

306 2005 497 2090 generaliter
531 2007 612 2070 diota
646 2005 794 2087 imprimis
830 2005 1004 2068 sententiae
1039 2005 1109 2087 ejus
1143 2023 1200 2086 pro
1230 2001 1380 2066 coelibatu
1409 2007 1447 2064 et

305 2111 399 2173 animi
435 2111 559 2175 lenitate
593 2117 626 2174 et
659 2118 766 2173 contra
801 2110 935 2174 militiam
969 2110 1226 2193 venationemquc
1260 2107 1449 2171 clericorum

303 2216 494 2299 conspicuae
518 2224 598 2280 sunt.
642 2215 709 2280 lom
733 2217 876 2295 vidimus,
911 2234 982 2278 cum
1013 2216 1177 2299 „conjugia
1198 2214 1384 2276 sortientcs“
1406 2212 1451 2275 ad

305 2323 523 2404 suscipiendos
553 2322 679 2387 ordines
708 2322 898 2405 irregulares
929 2337 1002 2390 esse
1032 2320 1215 2384 declarasse.
1260 2318 1295 2380 ln
1327 2334 1390 2398 quo
1415 2325 1452 2381 ct
1516 2396 1517 2399 Ἴ

306 2425 380 2490 ulirs
403 2445 528 2509 semper
557 2443 694 2490 canones
724 2434 848 2489 veteres
876 2426 985 2488 tenuit.
1030 2426 1235 2506 „Sacerdotes
1263 2424 1387 2504 scripsit
1409 2425 1480 2503 ad¹

307 2530 449 2597 Gerulum
477 2533 633 2614 archiepp.
656 2532 888 2615 moguntinum,
924 2531 951 2594 si
980 2530 1012 2594 in
1041 2530 1255 2595 fornicationis
1283 2529 1451 2593 inciderint

305 2637 448 2720 laqueum
478 2647 511 2702 et
539 2638 722 2704 manifestus
751 2639 818 2701 sive
848 2644 994 2701 ostensus
1023 2636 1117 2700 luerit
1145 2644 1249 2717 actus,
1281 2633 1450 2699 sacerdotii

307 2760 370 2805 nou
392 2750 524 2825 possunt
546 2744 661 2806 habere
684 2742 848 2819 honorem,
872 2740 1044 2802 secundum
1062 2742 1230 2804 canonicae
1248 2739 1449 2803 institutionis

305 2849 518 2912 autoritatem‘
547 2855 614 2929 (cp.
638 2847 709 2921 26).
756 2845 855 2919 Ouum
891 2843 1099 2907 subdiaconus
1135 2846 1257 2927 quidam
1294 2845 1449 2908 licentium

301 2955 414 3017 'uxoris
446 2954 607 3017 ducendae
637 2953 696 3016 sibi
725 2969 744 3015 u
772 2950 899 3015 Nicolao
934 2950 1032 3014 datum
1067 2968 1171 3014 coram
1206 2953 1355 3032 episcopo
1389 2965 1448 3012 suo

306 3057 484 3121 simulasset
506 3060 556 3122 ille
579 3058 652 3121 huic
675 3057 867 3120 mendacium
892 3057 950 3120 tale
975 3056 1128 3140 detegens
1151 3057 1276 3135 scripsit
1297 3073 1352 3133 „se
1375 3054 1449 3117 nulli

306 3179 439 3244 unqurm
474 3164 657 3227 clericorum
692 3163 835 3245 exceptis
869 3163 945 3243 illis,
980 3179 1059 3245 quos
1094 3159 1305 3222 ecclesiastica
1338 3159 1449 3242 regula

303 3265 422 3334 tatere
445 3271 603 3354 permittit,
627 3288 758 3334 uxorem
776 3267 1074 3333 ducendilicentiam
1087 3257 1270 3339 dedissc.“⁴)
1292 3261 1447 3329 iudicium
1516 3288 1517 3333 t

341 3443 367 3508 ¹)
386 3460 428 3512 cp.
451 3443 470 3498 4
492 3446 525 3497 ad
541 3443 616 3496 llich.
638 3445 699 3512 imp.
717 3443 750 3497 tt.
768 3440 820 3494 ool.
839 3437 891 3493 776
914 3437 948 3490 ci.
965 3435 1053 3488 lnuoc.
1070 3432 1091 3487 1.
1109 3448 1152 3501 cp.
1173 3431 1209 3488 23
1232 3435 1266 3489 ad
1284 3452 1366 3506 oppos
1389 3452 1448 3501 syn.

304 3528 448 3585 'l'olosanae
467 3548 491 3587 c.
509 3531 526 3586 6
545 3529 769 3597 (1151611094),
789 3525 864 3581 Gelas
885 3542 927 3592 cp.
946 3521 1237 3590 5edEpposluc.c.3
1256 3524 1285 3591 (1.
1300 3541 1324 3577 c.
1332 3524 1362 3585 ii,
1371 3520 1443 3586 899).

340 3619 362 3686 ²)
382 3636 425 3687 ep.
445 3620 497 3675 126
515 3619 548 3672 ad
566 3619 694 3672 Adulwin.
711 3617 802 3670 duras.
821 3616 839 3669 l.
858 3631 881 3668 c.
900 3613 979 3668 1126.

341 3708 364 3775 ⁸)
383 3724 424 3760 ex.
446 3725 486 3777 gr.
509 3725 552 3776 ep.
572 3706 591 3762 4
613 3706 687 3759 llioh.
705 3706 766 3773 imp.
788 3704 807 3759 Ι,
825 3720 849 3757 o.
871 3701 924 3756 774
941 3718 986 3767 ss„
1005 3717 1047 3770 op.
1066 3701 1099 3754 11
1119 3699 1151 3754 ad
1169 3713 1257 3752 omnes
1275 3692 1365 3746 lideles
1381 3689 1400 3745 la
1417 3706 1444 3748 c.

304 3795 367 3861 784,
389 3813 432 3864 ep,
450 3796 485 3850 99
507 3797 541 3849 sd
558 3796 631 3849 Phct.
648 3795 667 3849 l.
685 3811 710 3849 e.
728 3793 807 3858 1051,
825 3809 868 3860 ep.
885 3790 939 3846 104
956 3790 990 3844 ad
1008 3789 1106 3844 olerum
1124 3787 1163 3841 ct.
1180 3786 1198 3840 l.
1217 3801 1240 3842 c.
1260 3780 1338 3837 1088.

340 3885 364 3953 ⁴)
383 3901 426 3952 cp.
452 3883 488 3939 59
510 3884 543 3936 ad
564 3884 680 3937 Adonem
704 3882 829 3958 archiep:
839 3881 929 3933 vienn.
952 3880 971 3936 1,
982 3897 1005 3932 o.
1028 3878 1090 3932 870.
1112 3874 1231 3928 Ceterum
1249 3870 1378 3942 quomodo
1399 3868 1443 3924 illo

303 3983 422 4042 tompore
440 3972 607 4025 communiter
624 3971 677 4023 vite
694 3970 801 4021 coelebs
820 3977 846 4021 et
864 3967 1060 4021 castaomnibus
1079 3963 1181 4017 clericis
1191 3961 1315 4028 majorum
1329 3959 1443 4012 ordinum

303 4061 479 4116 necessarium
497 4060 610 4111 cilicium
628 4065 692 4120 crat,
714 4056 749 4109 ol.
767 4055 878 4121 capitula
887 4053 974 4107 Caroli
992 4053 1026 4106 ll.
1051 4067 1076 4104 r.
1098 4051 1150 4105 789
1171 4067 1198 4106 n.
1220 4049 1240 4105 4
1264 4050 1359 4116 (Portu.
1380 4044 1398 4098 l.
1419 4063 1445 4104 c.

304 4149 347 4215 ΙΙΙ,
364 4151 420 4218 55),
438 4165 496 4217 syn.
513 4148 578 4200 Rom
601 4163 625 4201 a.
646 4142 700 4199 826
722 4159 747 4196 c.
769 4141 804 4195 15
822 4140 911 4207 (llard
933 4140 953 4192 l.
976 4154 1002 4194 c.
1019 4137 1050 4201 V,
1067 4135 1123 4204 66),
1140 4139 1267 4191 llinomari
1290 4132 1399 4200 crpitum
1420 4151 1444 4191 c.

303 4236 341 4296 21
359 4236 448 4306 (ilerd.
465 4238 484 4294 l.
500 4253 526 4293 c.
543 4234 618 4303 397),
635 4247 693 4302 spru
708 4229 832 4285 wormac
850 4243 874 4282 a.
891 4225 944 4282 868
962 4242 987 4283 c.
1004 4225 1022 4280 9
1039 4241 1077 4282 rs.
1094 4223 1184 4291 (ilerd.
1201 4224 1253 4279 lc.
1268 4219 1342 4289 799).
1424 4265 1430 4275 ,
