3084 4838
664 312 692 384 8

95 524 242 597 decretis
271 523 337 588 suis
360 518 561 585 collustravit:
605 519 645 584 Δ.
674 517 714 583 de
742 518 937 619 monasteriis
965 525 997 584 et
1024 517 1105 583 votis
1134 515 1243 582 eccle-

97 632 251 709 cissimis,
275 630 311 692 B.
336 627 375 691 de
399 632 478 690 stato
502 624 645 704 clericali,
669 624 703 689 G.
728 625 767 688 de
780 624 984 706 matrimonio,
1007 627 1046 690 b.
1063 620 1102 687 de
1116 621 1244 708 judiciis

97 732 341 813 ecclesiasticis,
368 734 406 797 ll.
430 732 469 795 de
492 731 694 813 poenitentia.
1236 755 1239 760 ·

234 960 274 1025 Α.
306 957 359 1024 De
393 958 643 1023 monasteriis
679 964 716 1023 et
749 959 853 1022 votis
887 954 1127 1022 monasticis.

212 1169 470 1233 blonosteriorum
497 1167 643 1231 Nicotaus
675 1168 817 1231 similiter
848 1186 885 1232 ac
916 1167 1145 1249 praedecessor
1177 1162 1247 1246 ejus

100 1274 281 1359 Gregorius
304 1276 317 1338 1
342 1273 444 1337 fautor
467 1280 543 1337 erat.
576 1274 618 1336 lis
641 1273 807 1354 providere
838 1280 870 1337 et
893 1274 976 1335 omni
1000 1268 1092 1334 modo
1115 1286 1249 1332 succur-

98 1399 193 1459 rere,
233 1398 289 1462 pro
322 1379 464 1462 primaria
496 1385 582 1461 parte
622 1377 837 1442 sollicitudinis
870 1374 1048 1440 Pontificiae
1088 1375 1204 1438 babuit.
1218 1371 1246 1448 ¹)

102 1487 210 1561 Quare
226 1486 318 1548 vomni
347 1485 450 1549 studio
480 1501 588 1546 corum
616 1502 683 1547 rem
705 1502 891 1566 promovere
919 1491 951 1546 et
973 1484 1051 1565 aptis
1072 1480 1245 1563 privilegiis

101 1590 444 1670 constitutionibusque
470 1588 580 1652 fulcire
603 1589 739 1652 curabat.
1239 1597 1242 1602 ’

215 1745 405 1836 blonasteria
425 1745 626 1809 occidentalia
650 1752 723 1809 tunc
746 1745 893 1828 temporis
921 1744 988 1808 lere
1012 1743 1113 1807 omnin
1136 1760 1162 1807 s.
1184 1741 1250 1806 oe-

107 1849 227 1914 nedicti
250 1851 388 1935 regulam
412 1851 631 1933 sequebantur.
666 1852 699 1914 ln
723 1851 806 1914 ltalia
831 1851 966 1914 decursu
990 1851 1106 1912 saeculi
1129 1847 1252 1930 septimi

108 1974 178 2019 eam
202 1953 445 2042 adsciverantfl)
480 1958 585 2020 itidem
614 1959 647 2019 iu
670 1952 822 2041 Anglia.⁸)
868 1956 902 2018 ln
931 1954 1023 2018 Gallio
1053 1955 1199 2037 imprimis
1223 1970 1251 2017 s,

107 2060 288 2124 Boniiecius
316 2062 365 2124 illa
393 2063 431 2125 ad
460 2081 526 2124 earn
556 2061 705 2145 adegerat
738 2068 770 2124 et
797 2062 952 2144 principes
982 2061 1136 2144 carolingi
1159 2061 1242 2124 idem

109 2184 212 2247 usque
240 2174 375 2255 *strenue
410 2168 568 2248 prosecuti
602 2163 737 2246 erant;⁴)
781 2168 864 2249 quod
900 2167 982 2229 idern
1017 2168 1049 2228 iu
1078 2165 1251 2230 Germanis.
1295 2186 1302 2194 ·

108 2271 255 2336 Nicolaus
279 2273 375 2355 igitur
397 2272 525 2352 primurn
550 2289 640 2334 omne
665 2272 799 2335 studium
818 2272 965 2350 adhibuit,
988 2277 1022 2334 ut
1045 2271 1155 2334 eadem
1176 2270 1250 2332 ubi·
1340 2316 1342 2319 .

111 2396 173 2457 que
207 2377 239 2439 in
273 2377 410 2456 ipsorum
444 2371 591 2439 institutis
625 2377 760 2439 firmaret
793 2384 825 2441 et
859 2383 1010 2441 tueretur.
1057 2378 1159 2453 Quare
1188 2392 1253 2439 uon

110 2481 210 2545 solum
235 2479 355 2563 singula
384 2499 491 2543 eorum
520 2482 727 2562 peculiaribus
751 2482 920 2565 privilegiis
949 2483 980 2543 in
1007 2482 1131 2546 tutelam
1160 2481 1188 2545 8.
1212 2480 1251 2543 Α.

110 2583 273 2667 recepit‚⁵)
296 2585 352 2648 sed
376 2588 467 2649 etiarn
491 2604 518 2649 u.
543 2586 608 2650 863
632 2586 752 2669 synodo
775 2588 890 2650 Romae
912 2587 1014 2648 habita
1037 2603 1093 2668 pro
1112 2585 1254 2648 omnibus

112 2693 275 2757 Galliarum
304 2693 500 2755 monasteriis
531 2691 676 2776 Gregorii
704 2691 717 2755 l
744 2693 938 2777 privilegium
973 2709 1054 2756 novo
1089 2690 1251 2773 privilegio

112 2798 210 2878 auxit,
250 2798 333 2879 quod
368 2797 478 2861 Carolo
513 2799 584 2881 regi
626 2804 658 2861 et
697 2799 839 2862 omnibus
873 2799 964 2882 regni
995 2799 1064 2880 ejus
1100 2795 1255 2878 episcopis
1324 2842 1327 2847 <

113 2903 173 2964 sub
211 2902 402 2966 anathemate
448 2903 679 2966 observandum
718 2905 895 2967 transmisit.
948 2904 982 2965 ln
1028 2919 1089 2984 quo
1135 2907 1259 2983 praeter

115 3024 164 3087 ea,
205 3006 316 3088 quibus
355 3023 380 3069 s.
416 3006 577 3069 Benedicti
622 3013 654 3069 et
691 3008 836 3091 Gregorii
878 3006 891 3071 1
934 3014 1048 3071 tantum
1090 3008 1256 3070 constituta

114 3163 327 3174 -———-—

149 3251 175 3314 ¹)
194 3249 228 3300 cl.
246 3249 364 3318 privileg.
384 3248 487 3314 corbeis
508 3266 530 3302 a.
549 3247 602 3303 863
620 3250 662 3303 ed.
679 3250 712 3302 bl.
730 3249 748 3302 l.
767 3265 790 3301 c.
808 3247 871 3303 815.

150 3337 176 3398 ²)
196 3335 333 3404 Gregorius
343 3338 354 3388 l
364 3337 477 3390 nonduin
491 3336 684 3405 illamregulam
697 3338 722 3389 in
735 3335 898 3390 monasteriis
913 3337 966 3390 suis
986 3333 1097 3387 babebat
1114 3334 1148 3386 cf.
1162 3333 1256 3405 dialog.

112 3424 145 3488 11,
162 3422 206 3476 36.
223 3423 265 3487 IV,
283 3424 339 3487 21.;
358 3425 405 3477 sed
423 3426 449 3476 in
467 3425 580 3478 decretis
599 3425 723 3477 Bonilacii
741 3424 781 3477 tv.
800 3441 823 3476 a.
842 3423 895 3478 610
912 3423 1052 3490 (llardouin
1070 3424 1110 3475 lll.
1129 3422 1182 3478 543
1200 3424 1255 3492 sq.)

109 3512 165 3579 jam
183 3527 207 3564 sa
223 3510 379 3563 Benedictus
397 3522 425 3564 ut
442 3514 583 3566 communis
600 3509 783 3565 monachorum
801 3521 956 3579 praeceptor
973 3512 1142 3579 praedicatur.

149 3604 176 3665 ⁸)
193 3599 308 3652 loannes
327 3598 450 3651 diaconus
474 3602 499 3651 in
522 3602 573 3652 vita
596 3599 621 3651 b.
646 3598 763 3668 Gregorii
780 3600 822 3664 IV,
845 3599 881 3653 82
903 3601 936 3652 de
957 3598 1050 3667 buglis
1073 3600 1112 3652 sui
1134 3598 1257 3667 temporis

115 3689 206 3741 refert:
229 3688 289 3753 „vix
312 3696 399 3756 potest
423 3688 449 3738 in
472 3687 522 3740 illis
545 3687 659 3755 partibus
681 3688 822 3739 monachus
846 3688 936 3756 aliquis
958 3688 1075 3753 inveniri,
1097 3703 1181 3756 equo
1203 3702 1256 3740 nou

117 3774 267 3828 observetur
284 3786 335 3828 tam
352 3777 378 3826 iu
396 3777 532 3844 proposito
549 3791 623 3843 quam
642 3776 668 3826 iu
686 3773 773 3825 babitu
792 3774 881 3843 regula
900 3792 921 3827 s.
938 3774 1098 3829 1661166106.ιι

153 3860 176 3926 ⁴)
197 3861 223 3912 in
247 3879 302 3928 syn.
324 3864 464 3931 biptiucus.
490 3861 510 3927 1,
535 3879 557 3915 c.
584 3862 609 3927 7,
632 3862 663 3926 11,
686 3878 709 3914 e.
734 3861 759 3926 7,
785 3869 811 3913 ct
837 3860 929 3914 exinde
951 3862 1129 3916 Garolomanni
1152 3862 1255 3930 capitul.

117 3966 133 4007 o
158 3946 211 4002 743
230 3964 253 4000 c.
273 3950 287 4002 l
306 3951 394 4014 (Perta
412 3951 430 4005 l.
449 3968 472 4004 c.
491 3951 533 4016 lll,
552 3949 607 4016 18),
629 3950 752 4005 ludovic.
761 3949 798 4001 Pii
808 3950 884 4017 capit.
895 3967 918 4001 a.
927 3948 980 4004 817
990 3967 1012 4002 c.
1024 3950 1092 4004 1-8
1111 3949 1138 4016 (l.
1149 3967 1173 4005 c.
1183 3950 1255 4018 201.)

151 4039 178 4102 ⁵)
198 4053 238 4089 ex.
256 4052 294 4104 gr.
313 4042 492 4093 monasterium
509 4039 640 4092 Fuldeuse
658 4056 681 4092 a.
700 4038 753 4094 859
772 4038 853 4104 (11.1.
873 4054 896 4089 c.
916 4036 966 4090 col.
985 4038 1037 4093 770
1055 4039 1115 4103 ss),
1151 4035 1252 4090 Gorbe-

112 4125 190 4191 jcnse
210 4124 241 4190 (l.
261 4140 284 4175 c.
303 4123 356 4177 815
372 4128 433 4190 ss.)‚
456 4127 688 4194 Sandiouysiauuru
716 4128 747 4192 (l.
766 4144 789 4180 c.
807 4126 860 4180 820
878 4125 935 4192 ss),
962 4141 983 4178 s.
1003 4125 1106 4179 llarileli
1124 4122 1254 4179 Cenoma-

117 4213 222 4267 niccusc
240 4212 268 4279 (l.
287 4229 310 4265 c.
329 4209 382 4268 846
400 4213 451 4278 ss.)
469 4231 492 4267 a.
510 4213 572 4282 863,
607 4215 783 4270 vizeliacense
802 4231 826 4269 a.
843 4213 895 4285 867
914 4212 942 4279 (l.
961 4230 985 4266 c.
1004 4212 1094 4285 1116).
