3084 4838
99 823 341 928 Nicolai
375 765 577 956 Papae
612 818 634 921 l
680 820 818 927 idea
861 820 933 924 de
970 818 1241 926 Primatu

179 1003 434 1149 Romani
472 1000 803 1101 Pontifiois
841 1001 1169 1133 explicata.
1270 1140 1275 1143 .

565 1276 776 1292 —w

99 1365 199 1521 De
232 1454 367 1520 doctrina
401 1453 546 1517 catholIea
575 1460 636 1532 est,
672 1453 826 1517 notionem
854 1452 1044 1517 Pontificatus
1071 1451 1242 1539 Romania

99 1565 218 1628 Christo
251 1564 316 1642 ipso
349 1560 517 1642 profectam
551 1566 582 1620 et
614 1559 764 1621 ecclesiae
797 1560 881 1640 quasi
916 1542 1061 1622 summam
1095 1559 1242 1640 quandam

100 1658 236 1731 normam
269 1666 390 1728 inditam
416 1683 506 1728 esse.
551 1664 616 1726 Nec
645 1671 743 1725 tamen
772 1663 842 1726 ideo
871 1647 1040 1744 dicendum,
1074 1665 1155 1728 illum
1179 1666 1242 1746 jam

100 1772 171 1834 inde
199 1772 236 1832 ab
259 1772 342 1833 initio
365 1789 487 1853 semper
511 1767 650 1849 eundem,
674 1787 824 1851 nunquam
845 1771 991 1832 variatum
1012 1770 1116 1833 fuisse.
1150 1770 1242 1833 lmmo

100 1878 129 1938 in
159 1876 284 1958 singulis
314 1877 448 1956 partibus
479 1874 616 1938 excultus
639 1883 670 1937 at
693 1875 940 1939 formatusidem
964 1875 1083 1938 demum
1106 1877 1137 1936 in
1159 1883 1241 1936 tern-

99 2000 206 2062 porum
248 1981 379 2048 decursu
423 1990 484 2060 est,
528 1982 594 2062 ipse
640 1980 717 2042 siout
756 1983 880 2061 quaevis
919 1980 1091 2043 monarchia
1128 1999 1244 2042 summa

99 2076 234 2167 legitima
257 2086 370 2166 jurium
400 2104 522 2148 suorum
545 2103 620 2145 vere
644 2085 795 2146 historiam
818 2085 917 2169 habet,
943 2120 984 2173 ε-
1008 2084 1056 2148 Ex
1078 2086 1135 2146 alia
1158 2093 1244 2166 parte

100 2202 190 2253 nemo
225 2189 314 2252 facile
348 2190 522 2272 negaverit,
564 2188 645 2250 illurn
679 2191 775 2269 ipsum
809 2191 888 2252 inter
925 2192 1066 2270 primaria
1102 2191 1243 2252 historiae

99 2295 280 2359 christianae
304 2303 454 2358 momenta
474 2292 645 2375 ponendum
669 2312 749 2356 esse.
784 2294 858 2356 Nam
882 2295 986 2358 saltem
1006 2303 1074 2377 post
1094 2296 1244 2358 excidium

101 2399 442 2480 occidentalisimperii
471 2401 575 2461 abeo
603 2417 654 2462 res
682 2400 749 2461 fere
773 2417 877 2463 omnes
901 2408 932 2462 et
955 2401 1059 2464 civiles
1083 2409 1114 2464 et
1137 2402 1243 2463 ecole-

100 2505 239 2567 siasticae
262 2505 405 2586 impetum
429 2512 460 2566 et
481 2523 578 2586 paene
603 2504 730 2566 dixerim
746 2505 872 2567 formam
888 2505 1036 2586 quandam
1050 2514 1245 2587 acceperunt.

101 2610 202 2684 Quare
238 2616 273 2671 et
308 2629 362 2691 pro
396 2617 475 2673 statu
509 2610 645 2672 culturae
679 2617 764 2670 recte
794 2610 1007 2691 cognoscendo
1036 2617 1067 2671 et
1094 2629 1149 2692 pro
1178 2611 1245 2672 sin-

100 2715 238 2796 gularum
274 2733 376 2778 rerum
403 2717 436 2777 ui
466 2715 637 2795 effectuque
660 2716 743 2797 juste
768 2714 938 2797 judicandis
965 2717 1074 2777 summi
1103 2717 1245 2777 momenti

104 2826 161 2896 est,
186 2818 312 2880 formam
334 2820 422 2899 illius,
449 2820 544 2901 qualis
568 2821 673 2900 quovis
688 2828 825 2900 tempore
842 2820 942 2898 fucrit,
967 2821 1045 2882 bene
1061 2822 1243 2882 resciscere.
1293 2846 1296 2851 ·

103 2923 260 3002 Ejusmodi
289 2926 424 3010 quaestio
452 2926 596 3004 imprimis
624 2943 679 3003 pro
703 2942 780 3007 aevo
804 2924 1031 3006 Carolingorum
1055 2926 1243 2991 instituenda.

104 3024 192 3109 'Quod
236 3027 313 3088 sicut
355 3045 429 3105 prae
472 3028 609 3088 omnibus
647 3027 714 3088 lere
751 3020 882 3090 saeculis
919 3049 1021 3093 rerum
1059 3031 1245 3111 publicarum

103 3128 266 3208 splendore
305 3131 437 3210 excellit,
481 3132 521 3193 ita
559 3130 675 3192 abunde
714 3141 804 3212 patet,
843 3135 902 3196 tale
942 3136 1013 3214 quid
1051 3137 1103 3196 vix
1140 3138 1245 3201 Ponti-

104 3216 194 3296 ficum
216 3235 417 3298 Romanorum
451 3237 569 3298 auxiliis
603 3238 699 3299 minus
734 3255 822 3319 quam
857 3238 954 3299 Caroli
988 3240 1089 3319 magni
1121 3240 1246 3321 ingenio

107 3346 138 3400 et
176 3340 276 3402 virtuti
310 3341 499 3404 tribuendum
534 3360 613 3403 esse.
672 3344 749 3416 Quin
783 3343 839 3422 ipsi
878 3343 919 3403 illi
958 3343 1116 3407 Pontifices
1150 3352 1246 3423 erant,

106 3444 157 3525 qui
202 3442 361 3508 deficiente
404 3448 434 3508 in
478 3446 545 3508 filiis
584 3448 677 3527 patris
720 3449 842 3547 ingenio
884 3456 915 3511 et
948 3430 1127 3512 multimodis
1162 3450 1246 3512 cala-

102 3549 297 3637 unitatibus
289 3552 444 3648 imperium
478 3570 587 3614 novum
616 3552 822 3633 perdentibus
856 3554 997 3617 saltem
990 3575 1020 3616 ru
1047 3557 1248 3635 spiritualibus

105 3653 285 3735 aliquamdiu
330 3641 474 3737 publicae
513 3657 618 3718 ruinae
664 3660 840 3720 restiterunt
886 3667 917 3719 et
960 3661 1116 3740 religionis
1161 3662 1246 3723 litte-

104 3777 267 3840 rarumque
312 3761 479 3840 profectum
519 3763 733 3825 sustinuerunt
791 3763 873 3824 luter
912 3780 987 3842 quos
1028 3771 1058 3823 et
1092 3764 1247 3845 ingenium

104 3864 217 3925 nullum
247 3865 352 3945 majus,
389 3872 420 3926 et
447 3867 547 3947 imago
576 3866 766 3929 Pontificatus
796 3866 874 3948 apud
902 3849 1052 3928 neminem
1082 3868 1248 3933 distinctius

106 3986 265 4048 expressa,
296 3987 383 4047 quarn
412 3971 490 4053 apud
513 3972 666 4041 Nicolaum
691 3972 712 4034 l.
760 3974 816 4047 Qui
840 3973 916 4034 alter
939 3974 1023 4052 quasi
1047 3973 1213 4055 Gregorius
1236 3973 1249 4036 l

107 4072 260 4135 corruenti
295 4091 371 4134 aevo
403 4076 581 4138 medicinam
598 4080 718 4140 letrae
747 4078 855 4140 Christi
889 4086 1013 4139 strenue
1047 4086 1078 4140 et
1106 4078 1250 4142 audacter

107 4175 222 4256 obtulit,
253 4186 284 4239 et
306 4177 493 4240 hierarchiae
517 4181 658 4271 Gregorii
681 4182 733 4245 Vll
752 4184 814 4264 jam
838 4179 958 4264 plenaru
980 4185 1112 4264 speciem
1136 4186 1248 4267 primus

1019 4290 1034 4350 l
