3084 4838
813 313 861 386 12

263 520 319 601 „Si
346 520 551 584 Romanorum
579 520 754 586 Pontificum
784 523 920 604 decreto,
956 523 994 586 ad
1021 525 1180 607 episcopos
1207 523 1322 588 Galliae
1350 544 1407 588 re-

263 633 408 690 monstrat
436 632 503 708 (ep.
533 624 576 689 75
605 625 625 690 Ι.
654 646 682 691 o.
707 628 799 709 901),
833 636 1007 692 ceterorum
1035 631 1180 712 opuscula
1213 637 1408 695 tractatorum

262 731 467 813 approbantur
493 731 544 793 vel
572 733 783 814 reprobantur,
817 736 857 797 ita
886 741 919 798 nt
941 734 1022 815 quod
1045 738 1076 800 S.
1099 737 1139 800 A.
1166 737 1283 818 probat,
1316 737 1408 800 hodie

263 844 404 900 teneatur
440 844 608 918 acceptum,
652 845 684 902 et
719 838 798 922 quod
834 839 884 901 illa
922 839 1041 920 repulit,
1080 839 1227 905 hactenus
1265 842 1408 906 inefficax

261 942 425 1007 habeatur:
460 950 571 1026 quanto
599 944 697 1025 potius
725 961 803 1026 quac
830 945 895 1027 ipsa
917 962 973 1027 pro
997 944 1143 1008 catholica
1166 946 1227 1008 lide
1250 968 1306 1030 pro
1329 968 1406 1031 pro-

262 1048 339 1111 fanis
368 1049 557 1132 dogmatibus
585 1049 768 1131 repellendis
798 1070 854 1132 pro
883 1052 975 1115 variis
1006 1058 1037 1113 et
1063 1047 1231 1114 multifariis
1253 1054 1407 1118 ecclesiae

261 1154 492 1218 necessitatibus
533 1162 564 1217 et
602 1154 734 1219 hdehum
774 1157 909 1222 moribus
948 1154 1070 1220 diverso
1102 1165 1237 1238 tempora
1271 1159 1404 1239 scripsit,

261 1261 342 1323 omni
365 1259 478 1322 dehent
498 1259 616 1324 honore
639 1260 791 1343 praeferri
815 1270 846 1326 ct
868 1261 906 1325 ab
929 1263 1068 1327 omnibus
1090 1279 1214 1344 prorsus
1229 1263 1260 1324 in
1275 1262 1402 1344 quibus-

261 1363 336 1428 libet
380 1365 649 1447 opportunitatibus
688 1366 872 1432 discretione
911 1368 962 1431 vel
1000 1367 1224 1450 dispensatione
1263 1368 1405 1450 magistra

259 1478 442 1534 reverenter
464 1472 609 1535 assumi.“
654 1473 785 1555 „Legite
808 1493 920 1538 sacros
943 1490 1085 1554 canones,
1108 1471 1294 1555 llodulphum
1317 1472 1405 1536 Bitu-

259 1576 412 1639 ricensem
441 1577 567 1658 ejusque
596 1577 756 1659 episcopos
785 1579 846 1643 adit
876 1587 942 1662 (ep.
967 1580 1052 1644 651.
1076 1598 1103 1643 e.
1127 1579 1220 1659 882),
1255 1587 1287 1641 et
1308 1596 1406 1660 syno-

261 1680 338 1743 dalia
372 1689 459 1763 gesta
494 1682 642 1746 revolvite
677 1692 708 1747 et
740 1684 858 1764 videte,
899 1685 980 1767 quod
1013 1685 1085 1751 Scdi
1117 1685 1243 1766 Aplicae
1278 1685 1407 1765 (ubique

260 1805 410 1851 summum
445 1787 624 1870 Jndicium),
665 1796 768 1869 utpote
808 1792 858 1853 cui
897 1790 1023 1853 facultas
1058 1799 1105 1853 est
1138 1792 1168 1853 in
1202 1798 1264 1852 tota
1298 1789 1408 1853 Christi

262 1892 394 1956 ecclesia
421 1892 510 1975 leges
538 1893 662 1973 speciali
691 1895 903 1976 praerogativa
927 1912 1042 1975 ponere
1065 1913 1101 1957 ac
1124 1893 1249 1957 decreta
1272 1903 1406 1959 statuere

261 2002 292 2062 ‘et
314 2000 479 2061 sententias
502 1997 728 2081 promulgare.“

367 2102 453 2166 Unde
481 2104 609 2184 primum
637 2103 668 2166 id
695 2122 751 2186 pro
775 2104 943 2167 certissimo
965 2104 1069 2184 voluit,
1104 2102 1229 2167 decreta
1252 2106 1351 2169 omnia
1374 2106 1405 2171 S.

261 2207 302 2273 A.
334 2227 390 2291 pro
424 2211 574 2273 communi
609 2210 760 2274 ecclesiae
788 2210 886 2275 salute
914 2211 1023 2273 emissa
1050 2209 1155 2272 valere
1185 2219 1216 2274 et
1243 2229 1261 2272 a
1291 2212 1405 2275 cunctis

259 2315 366 2378 stricte
399 2314 554 2398 sequenda
588 2334 668 2381 esse.
715 2316 769 2395 „Si
802 2316 868 2397 quis
903 2315 1043 2399 dogmata
1076 2315 1215 2379 mandata
1246 2317 1405 2379 interdicta

259 2420 430 2488 sanctiones
458 2421 508 2483 vel
537 2422 671 2500 decreta,
705 2423 735 2483 in
763 2439 830 2503 syn.
853 2421 938 2484 llorn.
962 2440 990 2484 a.
1014 2420 1079 2499 863
1104 2440 1131 2485 c.
1157 2423 1187 2486 5.
1211 2421 1314 2503 edixit,
1349 2439 1403 2503 pro

260 2525 406 2588 catholica
434 2525 493 2589 lide
521 2547 577 2610 pro
607 2527 814 2590 ecclesiastica
843 2525 996 2608 disciplina
1025 2546 1081 2608 pro
1110 2529 1299 2591 correctione
1322 2527 1401 2589 fide-

261 2631 333 2694 lium
360 2651 416 2714 pro
443 2634 661 2697 sceleratorum
690 2632 902 2697 emendatione
929 2633 979 2695 vel
1007 2632 1216 2696 interdictione
1238 2633 1399 2695 imminen-

261 2738 335 2800 tium
362 2738 412 2799 vel
440 2737 609 2801 futurorum
637 2738 783 2800 malorum
810 2756 828 2800 a
858 2740 888 2804 S.
912 2739 952 2801 A.
975 2738 1116 2819 praeside
1142 2737 1299 2799 salubriter
1320 2753 1396 2816 pro-

260 2842 392 2925 mulgata
415 2842 640 2923 contempserit,
664 2842 822 2904 anathema
845 2844 916 2907 sit.“
955 2845 1154 2926 Quapropter,
1175 2841 1226 2906 ubi
1250 2857 1399 2903 necessa-

259 2948 338 3010 rium
366 2947 451 3010 duxit
486 2949 581 3024 (sicut
605 2966 655 3011 ex.
680 2967 727 3030 gr.
755 2950 787 3010 in
815 2967 906 3013 cansa
933 2949 1050 3032 Ignatii,
1084 2948 1169 3013 Loth.
1194 2956 1225 3011 et
1245 2947 1401 3027 Theuth.),

141 3045 145 3053 ’
262 3051 412 3133 episcopis
435 3054 571 3132 injunxit,
600 3061 633 3115 ut
655 3053 792 3133 „litteras
816 3055 908 3136 ipsius
931 3057 961 3117 in
984 3056 1121 3118 omnibus
1144 3054 1293 3136 parochiis
1316 3060 1401 3116 notas

259 3157 410 3237 lacerent,
441 3157 479 3219 dc
507 3158 544 3220 iis
567 3157 778 3238 praedicarent
801 3168 833 3222 et
855 3179 908 3224 eas
931 3160 1060 3224 fideliter
1083 3158 1356 3241 exsequerentur.“
1373 3153 1399 3230 1)

259 3264 415 3329 derecte
438 3263 480 3327 ihi
502 3263 621 3327 illorum
644 3266 815 3346 opinionem
838 3267 955 3349 rejecit,
980 3267 1030 3347 qui
1054 3283 1091 3328 ea
1111 3273 1222 3328 tantum
1237 3263 1404 3328 decretalia

259 3370 411 3434 Pontificia
442 3370 578 3451 obligare
607 3371 758 3450 volebant,
793 3389 871 3452 quae
895 3372 925 3432 in
949 3371 1054 3434 codice
1078 3389 1225 3434 canonum
1249 3377 1310 3446 (so.
1333 3371 1403 3433 usi-

259 3482 320 3538 tata
354 3492 459 3538 eorum
493 3474 671 3539 collectione
698 3477 899 3558 Dionysiana)
933 3478 1169 3540 continerentur.
1218 3476 1280 3553 (Cf.
1310 3476 1402 3557 prior.

263 3579 383 3643 dissert.
403 3579 464 3659 „de
475 3580 540 3643 Nic.
552 3581 655 3663 leglat.
669 3581 767 3643 eccl.“
780 3581 859 3664 App.
875 3581 914 3656 l).
940 3582 1110 3649 Secundum
1122 3584 1232 3648 Leonis
1249 3589 1280 3644 et
1291 3580 1403 3644 Gelasii

259 3685 432 3767 exemplum
459 3687 567 3750 merito
594 3687 760 3769 replicavit,
775 3684 804 3762 2)
839 3688 971 3767 „nullam
999 3686 1200 3751 differentiam
1228 3705 1298 3750 esse
1322 3687 1403 3748 inter

258 3811 296 3854 ea
324 3792 459 3872 decreta,
494 3810 572 3874 quae
600 3795 631 3855 in
659 3792 765 3858 codice
794 3812 941 3857 canonum
968 3793 1152 3857 haberentur
1179 3794 1210 3859 S.
1234 3792 1275 3855 Α.
1305 3810 1401 3873 prae-

257 3898 364 3977 sulum,
389 3904 421 3959 et
443 3915 490 3976 ea,
515 3916 593 3978 quae
616 3918 690 3980 prae
713 3899 900 3963 muhitudine
922 3901 975 3963 vix
996 3918 1053 3982 per
1075 3900 1194 3982 singula
1216 3897 1401 3962 voluminum

256 4018 505 4138 Ἥρῃ.
530 4071 563 4126 11
586 4071 620 4123 ad
642 4085 732 4122 omues
756 4070 847 4123 ddelea
870 4071 898 4137 (l.
917 4088 941 4125 c.
960 4072 1030 4140 785),
1053 4089 1096 4141 ep.
1113 4073 1149 4129 93
1174 4074 1207 4127 ad
1229 4074 1300 4129 univ.
1317 4084 1401 4137 eltl’⁰⁸

257 4161 285 4227 (Ι.
304 4178 328 4217 0·
346 4159 427 4313 Ἧι
446 4262 487 4315 ep.
506 4247 541 4305 75
559 4248 592 4301 ad
610 4260 692 4313 eppos
710 4243 807 4307 Galliae
825 4244 853 4313 (l.
872 4262 901 4301 c.
914 4245 985 4314 903).
