3084 4838
840 303 894 380 14

296 519 446 593 motum.
475 511 539 576 Vua
562 511 745 596 hujusmodi
767 512 972 595 proceditur,
995 514 1048 596 qni
1072 513 1144 580 dum
1168 515 1285 582 deltam
1306 519 1455 605 Petrum,

294 620 460 699 Androm,
495 617 656 698 Jacobum,
680 617 842 682 ¹loannem
877 620 915 683 od
949 621 1149 684 imilationem
1186 641 1273 706 suam
1307 625 1452 710 eligere,

295 728 395 809 magis
417 725 553 788 Nemrod
575 731 608 786 et
630 724 792 788 lamuelem
816 732 907 807 atque
929 725 1013 789 Esau
1036 727 1195 808 improbos
1219 730 1411 795 imitanturl“

400 830 544 895 llioolaus
568 831 673 912 igitur,
698 831 758 893 etsi
781 830 821 893 de
844 833 904 894 vita
928 831 1063 894 clericali
1086 832 1155 896 lere
1178 835 1220 897 nil
1236 837 1298 898 nisi
1314 844 1449 905 veteres

294 953 432 1000 monae
454 937 625 1015 renovavit,
648 944 751 999 tamen
776 936 856 999 haud
879 955 985 1018 parum
1008 937 1187 1019 disciplinae
1205 940 1447 1010 ecclesiasticae

294 1041 422 1124 proluit,
446 1059 539 1123 quum
563 1041 604 1103 illi
620 1059 719 1123 paene
739 1042 891 1106 obliterati
906 1042 1096 1124 viderentur,
1120 1046 1236 1126 etipse
1251 1047 1445 1118 ratunutem

295 1160 383 1211 auam
405 1148 437 1210 iu
460 1146 603 1210 omnibus
626 1148 733 1210 stricte
758 1151 891 1231 exsequi
912 1150 1016 1213 eoiret

615 1340 650 1407 d.
701 1341 758 1408 Ile
804 1340 1107 1407 matrimonio.

401 1497 532 1579 Semper
549 1499 747 1578 quaestiones
774 1497 812 1559 de
830 1497 1023 1560 matrimonio
1040 1500 1223 1579 permultum
1240 1504 1442 1585 negotiorum

295 1602 470 1667 rectoribus
495 1602 648 1664 ecclesiae
673 1603 891 1666 exhibuerunt.
916 1603 959 1666 lta
983 1610 1014 1665 et
1029 1603 1173 1668 Nicotaus
1198 1606 1236 1669 de
1253 1625 1292 1669 eo
1312 1610 1443 1690 saepius

296 1708 456 1772 consultus
480 1710 663 1771 sententiam
687 1727 773 1772 suam
798 1717 829 1772 ct
852 1710 1000 1790 principia
1025 1710 1234 1773 ecclesiastica
1256 1713 1442 1777 edisserere

296 1821 422 1877 coactns
447 1820 507 1879 est.
554 1815 640 1890 Quae
669 1814 730 1876 hoo
758 1815 828 1877 loeo
858 1815 1001 1895 prolerre
1032 1822 1160 1878 eatenus
1191 1815 1325 1893 expedit,
1363 1818 1438 1893 qnia

296 1921 348 2003 qui
377 1925 474 1981 status
498 1937 659 1982 causarum
684 1919 949 1982 matrimonialium
978 1920 1029 1983 illo
1057 1928 1192 2001 tempore
1220 1917 1323 1996 luerit,
1358 1917 1432 1981 inde

296 2032 431 2107 apparet.

404 2129 536 2191 Primum
559 2130 656 2212 igitur
683 2131 732 2192 ille
761 2130 877 2211 ubique
907 2147 1102 2211 summopere
1130 2126 1342 2191 indissolubile
1366 2146 1438 2190 rna-³

296 2236 474 2298 trimouium
500 2253 572 2298 esse
598 2235 747 2300 defendit.
771 2236 882 2299 Notum
908 2242 965 2314 est,
990 2242 1133 2316 quantum
1157 2242 1312 2296 certamen
1330 2241 1441 2296 contra

296 2334 433 2404 adultera
463 2341 617 2404 desideria
647 2342 782 2405 lotharii
806 2342 893 2423 regis
917 2342 1108 2404 sustinuerit.
1146 2341 1246 2415 Quare
1270 2341 1361 2402 etiam
1384 2334 1441 2402 ubl

296 2446 419 2529 aliquod
444 2446 693 2527 impedimentum
724 2446 871 2508 dirimens
902 2453 1009 2526 postea
1041 2454 1184 2509 exortum
1208 2453 1286 2525 erat,
1316 2460 1443 2524 semper

297 2554 523 2616 matrimonium
548 2552 736 2615 antecedens
749 2552 901 2616 tuebatur.
910 2549 933 2632 ¹)
954 2551 1010 2614 Vel
1034 2551 1184 2634 dirempto
1208 2560 1336 2633 propter
1358 2569 1440 2613 cou-

298 2660 537 2742 sanguinitatem
562 2659 755 2720 matrimonio
780 2666 942 2738 utrumque
967 2659 1135 2741 conjugum
1158 2660 1324 2738 superstite
1343 2657 1440 2719 altero

297 2764 378 2827 aliud
403 2764 582 2845 conjugium
606 2763 685 2824 inire
708 2758 848 2846 vetuit.²)
894 2762 1008 2825 Eadem
1039 2782 1080 2826 ex
1110 2782 1202 2827 eausa
1229 2765 1319 2825 etiam
1343 2780 1441 2844 sepa-

297 2871 450 2933 rationem
475 2868 514 2930 ob
538 2874 641 2930 votum
667 2868 814 2928 eastitatis
838 2885 900 2930 non
925 2864 1056 2948 admisit,
1081 2872 1140 2933 nisi
1157 2869 1441 2952 utroqucoonjuge

298 2993 427 3057 prorsus
444 2969 702 3057 consentiente.⁸)
725 2973 862 3036 Tertium
886 2982 987 3039 autem
1006 2977 1230 3040 matrimonium
1249 2982 1322 3038 tunc
1340 2970 1440 3038 solum

335 3170 357 3235 ¹)
375 3165 423 3219 Ex.
442 3181 481 3233 gr.
506 3164 647 3217 accedente
671 3165 824 3233 cognatione
850 3168 973 3233 spirituali
997 3183 1039 3235 ep.
1062 3167 1097 3220 66
1121 3165 1301 3231 ιιῌοιιιιΙρΙι.
1327 3165 1442 3232 archiep.

298 3257 412 3321 flitrinio„
431 3269 473 3321 ep,
484 3254 535 3309 132
553 3253 586 3306 od
604 3268 664 3320 epp.
674 3252 780 3308 Salouit.
791 3284 825 3294 —
834 3257 976 3310 Mundanae
991 3256 1063 3323 leges
1078 3254 1191 3319 separari
1208 3254 1243 3304 ibi
1255 3254 1441 3319 matrimonium

296 3346 400 3413 jussere
423 3345 457 3398 cl.
476 3341 540 3409 Cap.
558 3342 613 3408 Pip.
637 3341 780 3407 Compend.
805 3361 828 3397 a.
852 3344 903 3396 757
926 3360 950 3394 n.
977 3342 1011 3396 15
1030 3341 1114 3407 (Pertz
1139 3340 1156 3392 l.
1181 3357 1205 3394 c.
1223 3341 1264 3404 ΙΙΙ,
1287 3340 1343 3407 28),
1367 3350 1442 3407 gesta

298 3435 456 3486 Francorum
490 3430 598 3495 (autoris
625 3429 715 3481 incerti
744 3448 814 3487 sace.
845 3429 910 3497 vill)
939 3446 963 3483 c.
995 3428 1028 3482 31
1054 3442 1095 3493 ap.
1122 3428 1154 3480 tl.
1179 3428 1267 3485 xcvt.
1294 3428 1345 3482 eol.
1372 3428 1442 3482 1449

299 3521 422 3588 (namatio
446 3520 479 3571 de
500 3517 644 3583 Chilperico
663 3527 690 3570 et
709 3518 873 3586 Audovera);
896 3517 963 3570 idem
987 3516 1020 3569 ob
1042 3518 1170 3570 incestum
1191 3518 1295 3571 alteriue
1323 3511 1439 3574 wuludss

301 3608 365 3674 cap.
379 3607 559 3673 memmei.
578 3622 602 3660 a.
621 3606 673 3661 ιιι
690 3622 717 3661 n.
735 3608 761 3673 a,
778 3608 805 3671 a,
823 3608 866 3671 ιο,
886 3607 928 3669 ιι,
948 3604 982 3660 ιιι
1001 3604 1030 3671 (ι.
1049 3622 1073 3661 c.
1091 3606 1126 3661 aa
1144 3607 1205 3676 aa),
1225 3592 1440 3665 c.p.cmpam.
1516 3616 1517 3645 ι

299 3713 324 3751 ι.
342 3695 394 3750 757
414 3711 440 3749 ιι.
459 3695 501 3760 10,
521 3696 563 3759 11,
582 3695 625 3759 13,
644 3696 686 3759 17,
705 3696 739 3749 18
757 3696 786 3761 (l.
805 3713 828 3748 c.
846 3693 881 3747 28
899 3696 950 3763 aq).
1516 3762 1517 3767 Ἰ

336 3785 420 3852 ²)ep.
443 3783 479 3838 82
501 3783 534 3836 ad
557 3784 663 3839 Arduic.
687 3784 818 3850 archiepp.
842 3783 992 3838 Vesontiou.
1019 3798 1043 3837 o.
1065 3783 1091 3837 2.
1117 3780 1151 3831 lli
1176 3779 1202 3827 iu
1225 3773 1276 3827 hoc
1298 3767 1439 3822 mundanae
1516 3840 1517 3845 Ἰ

298 3873 374 3942 leges
397 3873 585 3925 dissenserunt:
615 3871 678 3938 Gap.
700 3873 756 3937 Pap.
779 3871 895 3927 vermer.
922 3888 946 3923 a.
969 3870 1022 3925 753
1050 3886 1076 3921 ιι.
1101 3868 1115 3920 l
1138 3864 1186 3931 (cf.
1210 3860 1274 3927 Gap·
1297 3858 1439 3924 compend·

270 3968 274 3976 '
299 3979 327 4017 n.
344 3961 442 4028 1-8)
460 3963 486 4013 in
503 3963 578 4014 tertio
596 3960 677 4031 gradu
695 3961 819 4023 separatis
838 3974 905 4011 nova
923 3958 1043 4023 conjugio
1061 3951 1189 4016 concedit,
1207 3952 1233 4003 in
1252 3956 1342 4019 quarto
1360 3946 1439 4014 gradu

300 4067 347 4103 eos
366 4049 448 4102 oolam
467 4050 638 4115 poenitentiae
657 4046 787 4099 summittit.

336 4139 420 4203 'lep
437 4137 474 4191 88
497 4137 529 4188 ed
547 4137 612 4190 lud.
634 4143 659 4187 et
677 4133 738 4188 Gar.
755 4131 828 4187 Gelu.
846 4147 918 4199 regg.
941 4131 976 4185 tt.
998 4129 1015 4184 l.
1039 4146 1064 4186 c.
1085 4128 1148 4195 924,
1171 4145 1213 4198 ep.
1239 4129 1291 4185 149
1315 4125 1347 4178 ad
1370 4123 1440 4178 Loth.

296 4240 356 4293 rep.
379 4225 398 4286 1,
416 4242 441 4279 e.
467 4224 544 4279 1148.
572 4224 692 4279 Ceteram
714 4223 820 4289 ipsein
843 4221 884 4274 lde
906 4236 957 4274 non
982 4220 1030 4274 ulai
1054 4228 1156 4275 ueteres
1174 4233 1295 4293 ‘canones
1321 4212 1438 4280 imprimit
