3084 4838
686 319 735 393 13

140 553 266 617 corpora
289 530 533 614 reperirentur.“
572 531 649 605 Ourin
671 529 794 611 saepius
816 529 975 610 episcopos
998 508 1280 614 recognoscendis

137 642 194 704 illis
223 639 426 721 decretalibus
455 644 486 699 et
512 636 679 719 privilegiis
707 635 746 699 ad
773 635 895 699 archiva
923 634 989 697 sive
1012 636 1192 700 cathedralia
1214 639 1280 701 sive

137 748 271 812 Romana
295 743 455 825 relegavit.
473 740 500 818 ¹)

243 867 361 930 Deinde
395 868 475 930 circa
510 865 636 930 concilia
663 865 805 929 Nicolaus
833 861 919 930 Sedis
947 860 1076 944 Apticae
1102 868 1280 943 potestatem

138 976 178 1036 ita
202 974 345 1052 exseruit,
368 972 473 1036 utillo
494 988 620 1054 prorsus
644 970 681 1032 ad
704 970 842 1052 ejusdem
865 977 969 1032 nutum
986 977 1017 1030 et
1032 969 1187 1033 arbitrium
1203 988 1281 1032 con-

138 1079 247 1141 sistere
277 1079 388 1158 uellet,
427 1086 462 1141 ut
494 1076 639 1139 videlicet
673 1076 852 1157 urgentibus
889 1075 988 1138 causis
1022 1077 1166 1156 gravibus
1195 1076 1283 1159 jussu

36 1267 40 1270 ῃ
137 1185 228 1265 ipsius
257 1190 509 1261 convocarentur,
544 1182 581 1243 ab
612 1181 677 1262 ipsa
706 1189 812 1262 postea
840 1178 1045 1261 dirigerentur
1074 1188 1105 1242 et
1128 1183 1282 1262 approba·
1369 1194 1373 1199 '

135 1298 251 1368 rentur,
286 1289 379 1371 ipsius
413 1288 534 1351 demum
567 1303 718 1349 consensu
750 1285 787 1346 ab
823 1285 960 1347 omnibus
993 1287 1213 1366 reciperentur.
1239 1324 1281 1339 -·

135 1396 267 1457 Primum
289 1395 381 1476 igitur
404 1393 442 1456 de
466 1390 855 1482 ejusmodi'convocatione
878 1391 923 1453 sio
945 1388 983 1451 ad
1003 1389 1142 1454 Carolum
1156 1392 1280 1458 Calvum

136 1501 256 1580 scripsit
278 1506 345 1580 (ep.
372 1499 454 1561 181.
478 1517 506 1561 c.
530 1486 628 1569 taen:
662 1495 782 1575 „Sedes
810 1495 887 1558 haec
915 1503 1018 1557 sancta
1045 1514 1082 1558 ac
1104 1499 1278 1580 praecipua,

137 1606 186 1667 cui
208 1605 356 1666 Dominici
380 1603 487 1685 gregis
510 1609 557 1664 est
579 1600 746 1665 sollicitudo
769 1619 903 1681 curaque
927 1602 1095 1681 commissa,
1125 1605 1155 1666 in
1178 1605 1295 1689 omni·-

136 1709 194 1770 bus
222 1706 324 1770 mundi
351 1709 485 1789 partibus
513 1706 699 1769 rectitudinis
722 1723 796 1768 suae
820 1703 1014 1785 dispositione
1037 1707 1148 1770 salubri
1172 1717 1280 1774 cuncta

138 1811 279 1875 ordinare
312 1813 525 1894 perficereque
559 1811 659 1874 divino
693 1810 771 1873 freta
803 1817 952 1902 procurat
978 1810 1100 1890 auxilio,
1134 1820 1166 1876 et
1198 1815 1279 1896 quod

136 1917 281 2000 singulari
304 1937 359 1999 pro
382 1918 559 1982 auctoritate
582 1916 733 1999 perficere
755 1916 846 1995 valet,
871 1916 1030 1979 multorum
1053 1933 1146 1999 saepe
1159 1908 1278 1982 ¹sacer·-

136 2022 238 2086 dotum
262 2022 398 2087 decernit
420 2023 547 2085 delinire
571 2040 721 2086 consensu
744 2029 776 2084 et
793 2023 928 2102 justitiae
951 2038 1079 2085 censura
1104 2042 1140 2085 ea
1162 2024 1279 2088 scilicet

136 2127 323 2190 emendanda
351 2129 534 2207 deliberare,
570 2145 648 2209 quae
676 2145 838 2208 perperam
866 2135 956 2209 atque
980 2128 1145 2209 enprmiter
1167 2129 1280 2197 fuerint
1363 2117 1375 2129 ⁸

134 2233 244 2297 alicubi
281 2233 475 2298 commissa.“
518 2233 663 2314 Haecque
689 2234 755 2314 ipsa
781 2233 857 2294 ratio
886 2239 917 2294 et
945 2231 1076 2295 conditio
1105 2241 1180 2312 erat,
1218 2253 1277 2316 qua
1378 2223 1383 2233 ’

135 2341 294 2420 episcopos
323 2357 364 2402 ex
390 2339 517 2422 singulis
546 2338 707 2401 Galliarum
735 2338 841 2419 regnis
868 2336 906 2399 ad
933 2336 1080 2419 synodum
1107 2338 1276 2405 Metensem

134 2445 269 2507 invitavit
298 2444 356 2520 (cf.
386 2463 435 2525 ep.
466 2443 609 2508 18-20
637 2444 657 2507 l.
687 2462 714 2506 o.
743 2442 809 2505 798
836 2448 905 2518 ss).
951 2443 1094 2509 Similiter
1125 2463 1217 2526 quum
1245 2448 1277 2510 in

135 2568 226 2614 causa
241 2550 372 2613 Lotharii
394 2549 581 2630 aliorumque
603 2550 796 2631 negotiorum
819 2548 1094 2611 ecclesiasticorum
1117 2552 1276 2614 concilium

134 2656 248 2718 Romae
283 2672 476 2737 congregare
508 2653 663 2732 voluisset,
698 2660 804 2734 postea
833 2652 872 2715 de
900 2671 938 2715 eo
967 2670 1035 2715 cum
1062 2652 1215 2718 Ludovico
1244 2663 1276 2719 et

134 2760 243 2824 Carolo
276 2762 402 2844 regibus
434 2761 474 2823 ita
509 2760 710 2841 expostulavit
744 2766 809 2840 (ep.
845 2758 888 2822 83
921 2758 941 2820 l.
971 2776 998 2821 c.
1028 2758 1126 2832 922);
1161 2778 1275 2840 „quum

134 2866 300 2927 novitatum
326 2867 404 2926 mala
432 2866 620 2946 multiplicari
649 2865 816 2944 videamus,
850 2866 877 2927 si
900 2882 941 2925 ex
964 2863 1091 2927 diversis
1113 2866 1276 2945 provinciis

135 2964 247 3028 fratres
274 2967 305 3028 in
332 2968 461 3029 invicem
490 2971 703 3032 convenissent
726 2970 813 3048 Juxta
840 2969 973 3049 priscum
1001 2968 1127 3047 morem,
1162 2978 1193 3032 ct
1219 2989 1276 3035 uos

135 3088 287 3133 consensu
329 3070 446 3134 illorum
488 3071 646 3133 revelante
682 3073 811 3135 Domino
855 3091 934 3153 quae
976 3072 1169 3138 decernenda
1206 3084 1276 3140 sunt

134 3175 383 3254 decerneremus,
407 3183 439 3236 et
460 3175 517 3256 ipsi
540 3177 738 3238 necessitates
761 3194 831 3239 suas
853 3176 1026 3239 referentes
1041 3186 1072 3240 et
1086 3197 1142 3241 nos
1156 3187 1275 3244 nostras

136 3288 334 3360 exponentes,
369 3297 448 3362 quae
483 3280 607 3342 decreta
636 3280 763 3344 fuissent
791 3281 899 3343 melius
926 3282 957 3340 in
984 3282 1115 3351 omnium
1143 3283 1276 3346 notitiam

135 3383 273 3448 iacerent
298 3387 461 3467 pervenire
580 3387 685 3467 sicque
713 3386 812 3465 fieret,
847 3393 880 3448 ut
908 3385 1073 3448 secundum
1102 3387 1275 3467 qualitatem

133 3489 231 3551 morbi
260 3489 407 3551 medicina
437 3490 639 3555 conficeretur
662 3490 753 3554 etad
776 3491 908 3554 sananda
930 3490 1057 3554 vulnera
1079 3491 1170 3574 longe
1194 3493 1274 3555 late·
1384 3504 1391 3517 ‘

134 3612 194 3676 que
224 3592 466 3658 effunderetur.“
510 3595 675 3658 Praeterea
703 3598 862 3660 concilium
891 3596 1036 3679 generale
1071 3598 1107 3672 (i.
1133 3616 1161 3661 e.
1185 3599 1275 3671 totius

241 3782 260 3852 ¹)
278 3801 321 3852 ep.
340 3786 376 3842 65
398 3785 431 3838 ad
455 3785 582 3852 Rodulpb.
600 3786 704 3840 Bituric.
728 3787 755 3852 (l.
774 3804 797 3842 c.
815 3785 893 3851 882):
920 3822 987 3851 „...
1011 3802 1076 3854 quae
1098 3787 1124 3838 in
1148 3791 1278 3854 praesenti

132 3873 226 3940 pagina
250 3874 394 3939 scribimus,
415 3889 464 3926 vos
488 3872 581 3925 affatim
605 3874 631 3924 in
654 3873 763 3927 archivis
786 3874 879 3927 uestris
903 3873 1034 3925 recondita
1053 3875 1186 3939 possidere
1205 3877 1276 3928 arbi-

131 3961 254 4014 tramur.“
290 3976 331 4026 ep.
350 3962 385 4017 75
403 3963 446 4017 cit.
469 3961 497 4028 (l.
517 3978 541 4016 c.
559 3960 623 4027 ool)
647 3960 731 4027 „absit
746 3969 775 4012 ut
796 3960 973 4029 cuiuscunque
990 3997 1036 4015 ...
1055 3962 1192 4016 decretalia
1210 3981 1278 4017 con·

132 4051 218 4098 atituta
299 4047 385 4100 debito
404 4048 473 4102 cultu
491 4065 543 4101 non
561 4049 753 4117 amplectamur,
776 4066 842 4118 quae
860 4050 996 4118 antiquitus
1015 4049 1168 4102 unornane
1186 4051 1276 4104 eccle·

133 4135 172 4184 sia
200 4149 359 4186 conservans
375 4173 422 4199 ,..
441 4150 524 4203 penes
541 4154 571 4191 aa
592 4137 619 4189 in
644 4139 698 4191 suis
720 4137 831 4190 archivis
859 4144 886 4190 et
908 4137 1015 4191 vetustis
1036 4138 1084 4189 rite
1108 4141 1277 4191 monumentis

131 4221 265 4273 recondita
283 4222 447 4276 veneratur.“
