3084 4838
844 293 867 364 2

285 501 386 565 edidit.
432 502 533 577 Quare
556 499 635 564 haud
657 502 807 585 ingratum
832 502 899 603 erit,
936 499 1099 584 imaginem
1117 501 1233 584 jurium
1256 499 1432 567 Pontiiicio-

285 626 368 685 rum,
403 606 522 688 qualern
555 605 605 668 ille
638 607 783 686 exhihuit,
817 606 906 688 plane
940 605 1121 686 descriptam
1156 607 1318 689 praebere.
1375 609 1434 673 Ubi

286 711 374 776 sirnul
412 711 469 774 alia
506 712 643 794 quaestio
683 713 870 794 aliquatenus
908 711 1148 791 adumbralritur,
1186 731 1260 777 nurn
1290 712 1435 777 videlicet

286 820 366 880 inter
402 816 594 881 fundamenta
632 826 664 879 et
700 818 841 899 primaria
878 816 1056 881 adminicula
1096 817 1216 882 illorum
1259 818 1434 883 decretales

288 920 610 993 Pseudo-Isidorianae
634 923 825 986 concurrisse
849 921 998 985 dicendae
1022 924 1090 986 sint.

393 1028 478 1091 Hanc
510 1026 603 1121 igitur
634 1029 797 1111 imaginem
833 1027 1037 1092 delineaturus
1071 1028 1151 1093 haud
1182 1030 1353 1113 incongrue
1386 1030 1434 1095 his
1533 1072 1534 1079 κ

287 1115 422 1215 partibus
445 1150 612 1215 exsequar:
637 1135 661 1196 Ι.
681 1135 729 1196 De
752 1134 890 1216 generali
912 1134 943 1196 vi
966 1151 1002 1196 ac
1024 1135 1152 1214 ratione,
1181 1153 1269 1216 mam
1290 1131 1435 1219 Nicolaus

288 1239 426 1318 primatui
459 1239 593 1303 Romano
629 1241 777 1319 tribuerit,
818 1258 939 1320 quoquc
973 1258 1042 1302 curn
1076 1238 1269 1303 fundamento
1301 1238 1431 1304 fulserit.

289 1342 326 1404 ΙΙ.
352 1343 400 1404 De
429 1344 554 1427 singulis
578 1344 707 1426 juribus,
742 1363 820 1426 quae
845 1345 873 1406 ei
896 1345 1072 1423 asseruerit,
1101 1343 1191 1425 idque
1213 1345 1252 1407 A.
1275 1345 1355 1406 circa
1376 1344 1430 1407 in·-

289 1449 491 1529 spectionem,
532 1449 570 1513 Β.
605 1452 686 1512 circa
718 1449 956 1532 legislationem,
998 1450 1031 1514 0.
1069 1450 1150 1513 circa
1178 1448 1432 1532 jurisdictionem,

289 1554 329 1616 D.
365 1554 447 1616 circa
485 1552 770 1618 administrationem
807 1554 1060 1636 ecclesiasticam,
1099 1556 1138 1620 Ε.
1173 1554 1253 1617 circa
1286 1560 1436 1616 externos

290 1658 432 1738 honores,
455 1658 490 1723 l'.
514 1658 596 1722 circa
618 1667 784 1741 potestates
807 1667 838 1724 et
860 1677 912 1724 res
934 1661 1118 1725 saeculares.

843 1870 884 1940 1.

295 2029 374 2113 'lac
398 2040 631 2129 generati
652 2040 706 2114 vi
728 2059 787 2116 mc
809 2041 1022 2126 ratione,
1046 2056 1192 2130 quam
1207 2038 1437 2117 Nicotaus

319 2162 617 2238 Pontfflciac
658 2163 895 2252 potestati
931 2161 1185 2250 tribuerit,
1222 2180 1418 2255 quoque
1534 2138 1535 2173 ³

521 2303 634 2362 eam
655 2289 974 2363 laudamento
996 2284 1215 2360 fulserit

400 2445 559 2527 „Christus
584 2430 760 2532 ¹privilegia
802 2451 961 2514 constituta
1002 2449 1033 2511 in
1071 2440 1161 2512 Petro
1204 2447 1346 2530 disposita
1387 2448 1437 2510 vel

296 2551 411 2614 firmata
439 2553 591 2617 Romanae
620 2555 744 2619 contulit
772 2556 932 2635 ecclesiae,
967 2571 1060 2635 super
1089 2571 1179 2636 quarn
1207 2552 1278 2615 nihil
1304 2551 1437 2633 synodus

296 2657 449 2737 quaelibet
482 2678 555 2723 ausa
586 2668 633 2724 est
662 2663 771 2723 merito
799 2661 995 2739 constituere,
1030 2678 1121 2740 quum
1150 2660 1233 2737 sciat,
1267 2657 1363 2719 omnia
1392 2656 1435 2716 illi
1535 2706 1536 2749 3

295 2762 414 2824 Domini
436 2779 577 2828 sermone
601 2783 757 2828 concessa.
802 2765 1064 2847 Dispensationem
1089 2764 1199 2846 qnippe
1220 2758 1434 2839 redemptionis
1535 2766 1536 2783 ¹

295 2866 417 2930 humani
452 2869 577 2950 generis
610 2877 680 2932 ante
713 2877 850 2951 tempora
882 2869 1050 2933 saecularia
1077 2868 1220 2931 Dominus
1248 2864 1438 2947 omnipotens

297 2990 392 3052 penes
426 2991 461 3035 se
495 2974 662 3037 ordinatam
696 2976 868 3040 custodiens
901 2982 933 3038 et
966 2982 1102 3055 ternpore
1137 2973 1236 3036 carnis
1264 2966 1438 3049 ostendens,

297 3094 479 3141 ascensurus
502 3077 540 3141 ad
563 3079 665 3143 coelos
688 3081 718 3141 in
741 3080 867 3161 apostoli
888 3079 980 3160 Petri,
1013 3096 1181 3159 perquam
1205 3085 1236 3140 et
1258 3074 1440 3158 apostolatus

297 3190 328 3244 et
356 3183 546 3264 episcopatus
574 3186 699 3267 sumpsit
727 3185 894 3265 exordium,
910 3183 937 3258 ¹)
966 3182 1157 3247 confessione
1187 3198 1320 3261 curaque
1343 3196 1440 3261 prae·

298 3288 386 3370 cipue
415 3288 582 3371 collocavit,
617 3292 668 3372 qui
696 3300 768 3354 tunc
791 3308 847 3371 per
869 3308 903 3354 se
928 3298 959 3352 ct
982 3286 1126 3370 deinceps
1148 3306 1204 3369 per
1227 3304 1301 3350 suae
1325 3282 1441 3348 sollici-

216 3389 218 3393 ’
297 3394 406 3457 tudinis
443 3393 593 3458 haeredes
631 3397 712 3459 circa
745 3394 905 3458 humanum
939 3410 1053 3477 genus,
1093 3410 1171 3474 quae
1205 3388 1263 3455 sibi
1296 3388 1440 3453 Dominus

298 3497 529 3577 commendavit,
561 3517 621 3563 non
650 3500 762 3563 destitit
790 3500 960 3563 exhihere“
989 3496 1105 3587 “1¹5⁵
1133 3493 1277 3571 verbis²)
1299 3491 1439 3558 Nicolaus

298 3605 364 3666 iere
398 3609 500 3682 totam,
536 3623 595 3686 qua
628 3606 740 3689 ubique
770 3605 897 3686 ducitur,
932 3602 1111 3668 sententiam
1142 3618 1228 3665 suam
1256 3599 1294 3660 de
1321 3594 1440 3658 ratione

405 3828 425 3897 ¹)
448 3830 496 3882 Est
513 3833 646 3885 notissima
670 3833 794 3885 sententia
818 3831 901 3885 Siricii
925 3831 980 3903 (ap.
998 3829 1016 3883 5
1031 3828 1067 3881 ad
1085 3842 1167 3895 oppos
1184 3823 1287 3876 Africae
1306 3822 1349 3875 ed.
1369 3819 1443 3874 Cou-

293 3925 373 3972 'stant
392 3918 490 3986 „Epist
508 3919 702 3974 llom.Pontil.“
719 3919 739 3971 1.
758 3907 834 3985 651),
851 3918 993 3971 Innocentii
1010 3916 1022 3969 l
1040 3920 1097 3984 (ep.
1115 3915 1133 3968 2
1151 3911 1443 3991 adVictric.llotomag.

297 4008 315 4061 l.
335 4023 359 4062 c.
377 4005 438 4073 747,
457 4006 490 4059 cl.
508 4023 551 4075 ep.
569 4006 604 4061 29
622 4006 655 4057 ad
673 4022 756 4075 appas
774 4024 833 4073 syn.
843 4005 929 4061 Carth.
947 4005 964 4057 l.
983 4020 1007 4058 c.
1025 4004 1093 4070 888)
1113 4002 1272 4070 aliorumque
1286 3999 1445 4070 pontificum,

298 4111 365 4165 quae
384 4103 410 4147 et
427 4095 496 4164 apud
512 4094 645 4148 Nicolaum
663 4095 814 4162 saepissime
834 4095 950 4149 recurrit.

450 4217 492 4270 ep.
511 4199 546 4256 76
564 4200 598 4252 ad
615 4215 698 4269 eppca
717 4197 780 4252 Gall.
800 4200 841 4253 ed.
852 4199 936 4267 iligna
949 4197 1033 4269 „Patr
1051 4195 1114 4249 lat“
1133 4203 1152 4251 t.
1165 4192 1249 4247 cxlx
1268 4190 1318 4244 eol.
1337 4188 1398 4245 aot.

1534 4050 1536 4105 l
