3084 4838
860 320 883 390 c

298 530 426 593 hnmana
467 534 615 619 potestate
651 527 773 611 inhingi
808 536 859 590 aut
886 528 1000 591 destrui
1029 548 1129 610 posse.
1174 530 1272 603 Quum
1299 528 1445 594 llerinin-

298 634 394 698 trndis
422 634 529 716 regina
558 634 588 693 in
617 650 709 696 eausa
732 632 866 695 llothadii
895 632 1073 714 obsequium
1100 635 1229 715 abipso
1255 635 1295 696 ita
1317 631 1445 695 efficere

300 747 406 805 conata
439 746 532 818 esset,
567 746 600 800 ut
634 738 669 799 iis
698 737 777 801 haud
803 756 929 818 parvum
958 757 975 798 a
1003 757 1082 819 rege
1110 747 1306 821 augmentum
1333 756 1445 802 acces.

301 863 406 910 surum
429 862 500 907 esse
523 845 673 920 innueret,
696 842 746 904 ille
768 843 827 904 tale
843 843 914 924 quid
930 843 1082 905 declinans
1097 845 1269 924 respondit:
1287 844 1312 920 ¹)
1336 845 1447 925 „Quoad

301 951 474 1034 scripsistis,
509 950 579 1032 qnia
601 948 627 1012 si
650 947 845 1012 exaudiamus
867 949 959 1012 hlium
981 956 1116 1011 nostrum
1139 955 1199 1022 (sc.
1225 950 1324 1012 Carol.
1347 955 1447 1034 reg),

278 1077 362 1129 ,non
398 1056 609 1119 detrimentum
642 1053 698 1117 sed
726 1062 921 1137 augmentum
950 1054 1098 1118 ecclesiae
1126 1060 1248 1116 nostrae
1276 1057 1448 1138 privilegiis

303 1170 486 1247 generetur:
515 1179 570 1224 nos
594 1162 763 1224 certissime
787 1161 948 1240 credimus,
972 1161 1041 1242 qnia
1064 1160 1268 1241 privilegius
1291 1160 1448 1223 Romanae

303 1269 455 1354 ccclesiae
483 1268 597 1332 nnllam
625 1275 750 1348 possunt
777 1269 927 1331 sustinere
956 1266 1177 1341 detrimentum,
1208 1283 1267 1330 uec
1290 1263 1445 1344 plantatio,

304 1393 393 1456 quam
416 1373 558 1438 coelestis
580 1381 795 1455 paternoster
817 1374 967 1456 plantavit,
992 1371 1140 1434 eradicari
1163 1389 1222 1432 nee
1244 1368 1447 1446 fundamenta,

304 1499 382 1562 quae
411 1496 552 1544 summus·
573 1480 673 1559 posuit
694 1479 886 1560 architectus,
920 1486 1032 1561 queant
1054 1476 1234 1559 quibuslibet
1256 1482 1287 1537 et
1309 1474 1450 1556 quantis-

302 1587 376 1649 libet
414 1583 675 1648 fluctuationibus⁴
695 1586 865 1649 amoveri.“
926 1585 975 1648 Ad
1013 1582 1191 1646 Michaelem
1234 1582 1452 1661 imperatorem

304 1699 416 1771 autem,
451 1692 502 1772 qui
535 1690 693 1760 insolentia
726 1709 841 1754 summa
876 1692 926 1753 vel
959 1691 1054 1752 minas
1083 1691 1111 1750 ei
1140 1687 1328 1763 obtenderet,
1364 1687 1453 1768 qnasi

303 1797 481 1879 prophetico
504 1797 610 1877 spiritu
632 1798 712 1857 inter
734 1795 789 1857 alia
812 1795 852 1856 ita
868 1794 1040 1874 replicavit:
1055 1792 1084 1867 ²)
1108 1793 1281 1872 „eeclesiae
1297 1795 1452 1855 Romanae

303 1902 463 1985 privilegia
486 1902 595 1965 Christi
625 1918 679 1962 ore
702 1901 733 1961 in
760 1898 791 1960 b.
814 1900 904 1961 Petro
926 1898 1051 1976 firmata,
1086 1899 1117 1959 in
1140 1899 1272 1961 ecelesia
1294 1900 1360 1980 ipsa
1382 1897 1451 1962 dis-

304 2010 410 2089 posita,
446 2007 605 2087 antiquitus
635 2005 795 2068 observata
828 2012 859 2065 ct
892 2022 910 2065 a
937 1986 1048 2067 sanclis
1076 2004 1299 2068 universalibus
1327 2004 1451 2086 synodis

304 2112 458 2181 celebrata
491 2119 581 2192 atque
609 2129 628 2173 a
658 2118 765 2174 cuncta
795 2109 928 2172 ecelesia
952 2110 1068 2193 jugiter
1090 2118 1245 2190 venerata,
1281 2112 1451 2176 nullatenus

304 2225 430 2301 possunt
457 2218 560 2296 minui,
595 2217 764 2280 nullatenus
788 2214 921 2298 infringi,
955 2216 1124 2279 nullatenus
1147 2220 1333 2299 commutari,
1368 2236 1450 2299 quo-

305 2326 386 2385 niam
422 2323 658 2400 fundamentum,
698 2321 778 2403 quod
815 2322 898 2384 Deus
935 2323 1043 2401 posuit,
1086 2321 1232 2384 humanus
1270 2341 1331 2385 non
1368 2324 1452 2387 valet

305 2445 449 2493 amovere
489 2433 624 2504 conatus,
664 2434 695 2488 et
728 2423 808 2508 quod
841 2426 924 2488 Deus
958 2428 1068 2506 statuit,
1106 2427 1225 2491 lirnium
1257 2429 1450 2510 validumque

305 2535 450 2599 consistit.
485 2533 599 2613 llleqne
622 2533 807 2613 potissimum
830 2539 947 2613 peceat,
971 2533 1022 2614 qni
1037 2533 1095 2595 Dei
1110 2534 1288 2598 ordinationi
1303 2536 1449 2597 resistere

305 2644 409 2704 tentat.
455 2639 616 2720 Privilegia
649 2639 770 2719 inquam
803 2639 889 2702 istius
922 2638 1004 2701 sedis
1037 2637 1087 2700 vel
1122 2640 1270 2702 ecclesiae
1301 2646 1449 2719 perpetua

306 2753 385 2825 sunt,
421 2743 560 2806 divinitus
594 2741 727 2805 radicata
760 2750 850 2823 atque
884 2744 1013 2824 plantata
1044 2751 1122 2822 sunt,
1156 2742 1279 2824 impingi
1310 2748 1444 2822 possunt,

305 2850 464 2914 transferri
486 2867 549 2911 non
571 2855 706 2929 possunt,
741 2848 817 2911 trahi
840 2857 965 2929 possunt
988 2849 1079 2912 evelli
1100 2868 1161 2912 non
1183 2854 1316 2929 possunt.
1362 2848 1448 2922 Quae

305 2965 375 3019 ante
402 2956 563 3035 imperinm
590 2962 725 3017 vestrum
748 2953 871 3018 inerunt
892 2962 923 3017 et
945 2962 1124 3035 permanent
1146 2956 1213 3018 Deo
1236 2954 1348 3037 gratias
1370 2953 1448 3015 bac-

304 3068 394 3123 tenus
416 3059 527 3120 illibata
561 3058 784 3140 manebuntque
813 3067 881 3140 post
909 3079 973 3140 vos,
1009 3069 1040 3124 et
1062 3078 1219 3142 quousque
1248 3060 1446 3122 Christianum

307 3183 417 3230 nomen
446 3162 651 3246 praedicatum
674 3163 776 3245 suerit,
808 3165 858 3229 illa
880 3166 1046 3230 subsistere
1069 3185 1130 3229 non
1153 3163 1313 3227 cessabunt
1334 3164 1449 3226 immu-

306 3274 397 3338 tilata.
442 3271 501 3335 lsta
529 3272 621 3354 igitur
648 3272 807 3355 privilegia
833 3273 904 3336 huie
926 3291 951 3337 s.
975 3272 1124 3335 eeclesiae
1147 3289 1164 3333 a
1187 3269 1305 3332 Christo
1329 3268 1449 3351 donata,

306 3398 323 3442 a
346 3377 469 3460 synodis
491 3395 552 3438 non
574 3374 683 3439 donata
705 3376 761 3440 sed
778 3379 841 3459 jam
864 3377 1049 3441 solummodo
1073 3375 1226 3440 celebrata
1248 3383 1448 3455 macheram,

221 3568 223 3574 A
305 3503 362 3566 per
389 3499 467 3562 quae
495 3497 555 3542 non
584 3487 644 3541 tam
672 3481 768 3543 honor
798 3501 887 3563 quam
914 3501 990 3547 onus
1018 3482 1104 3546 nobis
1132 3482 1359 3560 incumbit,
1391 3497 1448 3542 nos

306 3595 420 3670 cogunt
441 3603 558 3666 nosque
582 3586 773 3668 compellunt,
797 3590 928 3652 omnium
951 3589 1066 3652 hebere
1088 3588 1316 3652 sollicitudinem
1338 3585 1449 3647 eecle—
1534 3628 1535 3679 Ξ

304 3694 418 3759 siarum
445 3692 513 3756 Dei.
560 3693 669 3775 (Sequ.
698 3691 831 3758 fundatio
861 3696 1013 3759 Romanae
1042 3692 1192 3757 ecelesiae
1219 3710 1275 3773 per
1302 3691 1332 3753 b.
1364 3693 1449 3774 aplos

304 3802 427 3864 Petrum
470 3807 501 3861 et
537 3798 660 3867 Paulum
698 3807 729 3862 et
764 3802 933 3866 constitutio
971 3799 1212 3884 patriarchalium
1249 3797 1449 3862 eeclesiarum

411 4039 431 4109 ¹)
450 4060 491 4112 ap.
508 4042 544 4098 49
562 4043 595 4094 ad
613 4043 783 4100 Hermintrud.
801 4046 882 4114 regin.
903 4045 931 4112 (l.
949 4063 973 4102 c.
991 4044 1065 4113 863).

408 4144 431 4214 2)
449 4165 491 4216 ep.
508 4148 544 4203 86
563 4149 591 4217 (l.
610 4163 633 4203 e.
652 4147 724 4215 948).
749 4149 869 4203 Similiter
886 4149 904 4205 Ι.
923 4167 946 4204 c.
964 4149 1032 4205 aab:
1050 4151 1164 4221 „impelli
1183 4150 1340 4205 convaleat
1357 4148 1448 4203 hnma-

303 4236 343 4286 nis
361 4236 619 4305 praesumptionibus,
638 4252 703 4306 quae
722 4236 808 4291 divino
829 4245 886 4292 sunt
900 4238 999 4306 judicio
1018 4240 1183 4297 εοιῑιιὶιιιῐα.ις
