3084 4838
649 345 697 417 17

100 545 396 641 metropolitanorum
435 551 558 638 judicia,
582 549 607 628 ¹)
655 551 710 616 sed
757 550 847 614 etiam
889 537 1011 629 „exitus
1053 552 1247 635 negotiorum

101 652 335 748 episcoporum“
349 656 378 734 ²)
402 660 472 726 Sedl
491 660 617 741 Aplicae
640 659 696 722 soli
719 663 923 731 remanerent.
954 657 1028 718 'l'um
1052 642 1171 723 omnino
1194 657 1245 721 ubi

100 771 196 835 semel
218 770 297 830 baec
319 767 502 847 suscepisset
519 765 676 847 judicium,
701 764 824 828 cuilibet
847 763 895 825 alii
919 763 958 824 ita
984 761 1142 844 praeclusa
1164 770 1246 826 esset

99 874 252 939 sententia
266 872 368 952 voluit,
390 879 423 936 ut
436 891 476 933 ne
493 872 625 953 partibus
642 870 762 953 quidem
778 869 876 933 forum
892 875 1009 932 mutare
1025 867 1142 929 liceret.
1157 862 1186 940 ⁸)
1204 901 1245 911 -

5 1046 11 1053 ,
98 980 240 1061 Denique
269 979 356 1040 etlam
384 978 465 1040 circa
492 995 688 1039 censurarum
712 976 930 1039 absolutionem
955 973 1092 1058 ejusdem
1116 972 1244 1034 similem

100 1092 279 1168 potestatem
307 1082 470 1146 contendit.
514 1081 591 1142 'Cum
618 1082 649 1142 b.
679 1079 799 1143 Gelasio
829 1088 895 1162 (ep.
920 1080 939 1142 7
968 1079 1006 1141 ad
1034 1095 1129 1160 oppos
1152 1075 1245 1141 Dard.

1 1259 2 1272 p
101 1189 191 1254 llard.
214 1188 248 1253 Π,
271 1188 356 1260 909)
384 1186 588 1269 pronuntiavit
611 1187 658 1261 (in
682 1204 730 1266 ep.
754 1184 797 1248 75
820 1186 840 1249 l.
865 1204 901 1247 c.-
916 1185 1014 1258 906):
1051 1201 1133 1261 „non
1155 1190 1246 1244 tace-

99 1314 176 1374 mus,
200 1292 281 1375 quod
304 1299 411 1354 cuncta
433 1310 490 1372 per
512 1289 654 1355 mundum
678 1293 760 1355 novit
776 1291 917 1369 ecclesia,
941 1290 1081 1372 quoniam
1097 1307 1246 1370 quorum-

1 1439 3 1454 .
97 1401 172 1462 libet
195 1398 351 1461 sententiis
373 1397 465 1479 ligata
488 1397 660 1478 pontificum
682 1396 773 1460 sedes
791 1398 821 1459 b.
837 1396 918 1458 Petri
937 1396 988 1476 jus
1011 1393 1120 1456 habeat
1142 1394 1244 1457 resol-

77 1505 202 1583 vendi,
236 1510 339 1584 utpote
373 1520 451 1583 quae
488 1502 526 1563 de
561 1503 641 1565 omni
674 1502 805 1566 ecclesia
839 1501 885 1564 sas
918 1500 1029 1562 babeat
1057 1498 1246 1580 judicandi.“

98 1611 288 1692 „Damnatus
311 1607 391 1668 enim
415 1606 511 1669 solum
534 1606 570 1667 ab
595 1625 643 1685 eo,
677 1608 728 1688 qui
751 1626 822 1670 eum
845 1605 1057 1688 sequestravit,
1087 1611 1138 1667 aut
1161 1612 1246 1666 certe

99 1735 119 1777 a
147 1714 243 1795 prima
267 1710 346 1776 Sede
370 1711 442 1792 jure
471 1716 569 1791 potest
598 1710 722 1773 absolvi.
766 1710 907 1781 Inferior¹
924 1717 1024 1773 autem
1052 1709 1102 1770 vel
1124 1727 1247 1791 compar

101 1818 265 1881 antelatum
297 1816 347 1878 vel
381 1834 553 1897 comparem
580 1835 641 1879 non
670 1823 824 1880 annuente
852 1816 967 1898 majore
996 1814 1156 1877 absolvere
1184 1833 1245 1878 non

1 1981 2 1984 ,
99 1932 281 2008 potest...
304 1920 433 1985 Proinde
455 1921 608 1984 interioris
630 1922 690 1985 loci
713 1923 847 2005 episcopi
872 1939 936 2001 eos,
961 1939 1036 2003 quos
1059 1922 1157 2003 potior
1173 1939 1246 1985 suus

97 2030 215 2113 ligavit,
248 2029 314 2092 sine
347 2027 443 2109 prima
471 2026 552 2092 Sede
586 2027 746 2090 absolvere
774 2046 834 2091 non
862 2027 1021 2108 possunt.“
1034 2024 1064 2101 ⁴)
1097 2061 1138 2072 -
1167 2029 1246 2103 Quin

98 2134 150 2196 vel
184 2133 296 2215 aliquas
330 2149 527 2194 censurarum
559 2132 764 2196 absolutiones
792 2133 849 2195 sibi
878 2112 1056 2195 reservasse
1084 2132 1245 2197 invenitur.

99 2242 199 2316 Quum
233 2239 313 2301 enirn
342 2236 510 2319 Stephanus
544 2255 647 2299 comes
680 2237 801 2318 quidam
829 2236 1018 2300 alvernensis
1048 2236 1086 2298 de
1114 2238 1247 2300 violenta

99 2344 235 2428 episcopi
269 2343 441 2425 dejectione
476 2343 602 2424 aliisque
636 2343 809 2406 criminibus
844 2341 959 2407 delatus
995 2350 1086 2422 esset,
1122 2344 1187 2424 lpse
1217 2347 1246 2407 ei

98 2449 294 2515 severIssime
321 2448 460 2529 injunxit,
495 2454 529 2511 ut
556 2448 707 2530 dejectum
736 2451 912 2512 restitueret
940 2457 971 2515 et
999 2450 1037 2511 de
1061 2450 1126 2512 aliis
1149 2468 1246 2513 accu-

98 2555 264 2620 sationibus
291 2553 401 2635 legatis
429 2553 492 2616 suis
519 2553 551 2614 in
578 2553 696 2635 synodo
722 2553 923 2632 satisfaceret,
958 2553 1112 2633 „alioquin
1139 2571 1156 2615 a
1184 2556 1247 2615 vini

99 2670 132 2724 et
164 2660 298 2723 carnium
330 2658 556 2739 participatione
586 2658 874 2736 excommunicatus,
909 2655 1104 2738 quoadusque
1132 2657 1246 2720 Romae

97 2769 131 2829 in
163 2766 257 2847 ipsius
290 2762 414 2844 speciali
442 2763 614 2845 praesentia
644 2760 807 2826 districtam
834 2763 983 2825 rationem
1011 2763 1162 2843 positurus
1192 2780 1246 2825 as-

100 2866 268 2942 sisteret;“
303 2868 439 2929 similiter
472 2876 504 2930 et
537 2867 575 2928 de
604 2869 747 2947 episcopo
774 2869 890 2931 intruso
919 2869 1072 2930 constituit
1106 2875 1172 2949 (ep.
1203 2867 1247 2930 24

100 2973 122 3034 l.
153 2989 181 3032 c.
210 2968 303 3040 806).
348 2969 486 3049 Denique
519 2970 545 3030 si
577 2969 653 3031 fides
686 2969 825 3032 habenda
859 2971 1004 3051 epistolae
1039 2973 1174 3053 ejusdem
1209 2973 1248 3036 ad

102 3090 198 3157 eppos
250 3070 363 3135 Galliae
419 3089 436 3133 a
487 3070 629 3137 Gratiano
687 3091 715 3138 c.
768 3074 800 3138 2.
850 3074 885 3138 C.
935 3076 1003 3141 XV.
1059 3098 1110 3160 qu.
1154 3080 1174 3142 6
1217 3088 1249 3142 et

208 3278 229 3345 ¹)
247 3286 382 3349 utrumque
396 3279 469 3346 juxta
486 3295 583 3333 morem
602 3287 716 3333 veterem
735 3296 827 3333 causas
845 3279 957 3345 majores
976 3283 1008 3333 ad
1019 3282 1046 3337 S.
1054 3283 1086 3336 A.
1105 3283 1249 3339 deierandi.

99 3368 141 3422 De
163 3367 331 3433 metropolitis
354 3368 457 3436 quidem
474 3369 542 3420 idem
561 3370 636 3420 etiam
655 3367 788 3421 Gratianus
805 3370 943 3435 imperator
961 3387 985 3425 a.
1002 3370 1057 3424 379
1073 3369 1169 3437 publici
1183 3371 1250 3436 juris

99 3458 201 3509 iecerat
218 3453 348 3520 (rescript
365 3456 398 3507 ad
414 3456 500 3524 Aquil.
517 3456 594 3509 llard.
612 3457 632 3522 Ι,
650 3456 725 3523 843).

206 3538 229 3608 2)
247 3541 303 3593 Etsi
320 3542 441 3595 llicolaus
463 3546 489 3595 in
513 3560 591 3597 causa
609 3545 727 3598 Rothadii
751 3546 900 3614 simpliciter
922 3562 1015 3600 causas
1034 3541 1124 3600 ornnes
1141 3548 1249 3614 episco-

98 3646 193 3699 porum
212 3628 274 3683 Sedi
291 3627 398 3695 Aplicae
415 3647 552 3683 reservare
569 3634 679 3698 videtur,
708 3639 793 3685 tamen
810 3651 862 3686 non
882 3632 940 3689 s'unt
956 3637 1005 3688 nisi
1025 3652 1128 3700 causae,
1158 3636 1249 3706 quibus

101 3720 136 3771 de
160 3716 321 3786 gravionbus
349 3733 438 3770 eorum
465 3719 557 3784 poenis
584 3722 666 3787 agitur
689 3727 732 3772 aut
754 3720 898 3773 obscuritas
921 3721 1005 3789 aliqua
1028 3725 1167 3777 concurrit.
1202 3722 1250 3774 Ubi

101 3807 217 3858 districte
241 3802 362 3874 loquitur,
390 3804 473 3858 solum
497 3807 676 3874 „negotiorum
698 3806 799 3859 illorum
822 3809 924 3859 exitus“
948 3808 976 3873 (Ι.
1001 3825 1025 3862 c.
1043 3808 1115 3873 904),
1144 3816 1186 3860 aut
1209 3811 1251 3874 „si

102 3892 232 3963 quaelibet
259 3892 408 3962 ambiguitas
435 3891 479 3945 vel
506 3891 590 3962 aliqua
613 3893 724 3945 fortasse
748 3908 826 3958 super
848 3893 975 3959 ejusmodi
998 3898 1183 3949 examinatione
1207 3896 1251 3948 vel
1328 3959 1331 3965 .

102 3982 269 4048 episcopatus
287 3979 506 4033 abrenuntiatione
525 3979 616 4035 oborta
632 3981 710 4032 fuerit
728 3982 884 4053 contentio,“
899 3981 1023 4047 judicium
1043 3982 1074 4035 ad
1087 3983 1112 4036 S.
1122 3983 1153 4039 Α.
1165 3990 1249 4048 vocat,

103 4067 167 4122 alias
185 4067 285 4135 primati
302 4065 421 4136 relinquit
438 4067 490 4135 (ep.
509 4068 706 4133 841.c.925).

208 4150 231 4222 ⁸)
249 4168 293 4220 ep.
311 4153 363 4209 155
381 4153 413 4206 ad
432 4169 514 4222 eppos
532 4157 558 4209 in
576 4172 650 4226 regn.
667 4155 731 4209 bad.
750 4155 779 4221 (l.
797 4172 821 4212 c.
839 4157 928 4226 1173).

207 4239 230 4308 ⁴)
248 4256 292 4308 ep.
306 4240 344 4296 98
361 4240 390 4308 (1.
407 4256 432 4298 c.
450 4242 539 4310 1029),
567 4259 610 4310 ep.
628 4243 681 4299 104
699 4242 726 4309 (Ι.
746 4260 769 4298 e.
788 4244 877 4311 1081).
