3084 4838
858 315 883 386 4

300 523 516 604 musonem)
543 525 696 603 ,omnium
719 522 928 586 infirmantium
951 522 1205 588 imbecillitatibus
1228 525 1394 592 subvenire
1419 539 1452 594 et

300 649 420 695 manum
449 629 681 693 confirmationis
708 647 782 693 suae
806 630 928 692 omnino
949 628 1052 691 libenti
1079 630 1242 712 porrigere
1264 631 1449 710 debent.“²)

247 797 249 801 ,
302 735 521 817 „Considerato
532 737 612 796 enim
622 736 788 799 ministerio
800 743 913 814 nostro,
926 735 964 797 ad
974 734 1123 817 ignatium
1134 735 1180 799 ct.
1192 738 1298 801 scribit
1309 746 1375 822 (ep.
1385 740 1445 804 tot

298 843 320 905 l.
344 860 371 905 c.
398 841 511 921 1058),
535 839 616 922 quod
636 839 776 905 divinitus
789 859 847 923 per
861 841 891 904 b.
906 842 1028 904 Petrum
1043 842 1210 922 apostolum
1226 844 1265 906 ad
1280 863 1335 908 nos
1350 864 1449 928 usque

301 947 468 1010 derivatum
485 947 683 1028 suscepimus,
700 966 760 1010 non
777 954 824 1010 est
838 965 893 1028 pro
908 945 1051 1009 iratribus
1062 948 1174 1009 nostris
1186 948 1294 1013 silendi
1309 951 1448 1032 faedus,

299 1053 408 1134 quibus
435 1052 532 1135 major
559 1060 590 1115 et
617 1053 713 1115 honor
741 1061 773 1115 et
800 1071 877 1115 onus
906 1053 1021 1115 cunctis
1049 1051 1232 1117 christianae
1269 1057 1387 1137 pietatis
1416 1067 1450 1122 et

299 1159 499 1221 ecclesiarum
531 1160 728 1222 correctionis
760 1160 862 1220 inesse
897 1157 1012 1220 debere
1046 1157 1214 1222 sollicitudo
1246 1158 1445 1241 dignoscitur.

300 1265 489 1328 Sustinemus
517 1264 628 1345 quippe
658 1271 844 1343 cunctorum,
875 1264 926 1344 qui
954 1270 1133 1344 premuntur
1156 1265 1336 1346 gravamina,
1370 1268 1445 1347 quin

301 1370 399 1450 potius
426 1370 554 1433 sustinet
581 1370 611 1430 in
635 1370 722 1433 nobis
744 1369 821 1431 haec
843 1387 868 1432 s.
892 1369 999 1432 Petrus
1022 1368 1183 1449 apostolus,
1218 1371 1321 1452 quiin
1343 1372 1445 1433 omni-

300 1475 372 1553 bus,
410 1483 443 1538 ut
477 1473 667 1554 confidimus,
708 1474 971 1537 administrationis
1003 1490 1078 1537 suae
1112 1476 1243 1557 protegit
1274 1492 1311 1537 ac
1343 1482 1449 1541 tuetur

298 1579 486 1644 haeredes.“
499 1577 528 1654 8)
574 1580 681 1659 „Sicut
702 1581 796 1662 igitur
818 1597 877 1642 non
900 1580 970 1641 leve
994 1578 1156 1641 discrimen
1179 1580 1322 1643 incumbit
1338 1582 1448 1645 Ponti-

300 1686 416 1764 ficibus,
451 1685 570 1770 siluisse
605 1703 661 1766 pro
696 1685 856 1748 divinitatis
889 1685 969 1749 cultu
1004 1690 1036 1747 et
1063 1685 1213 1747 ecclesiae
1242 1688 1447 1766 correctione,

301 1791 381 1874 quod
404 1792 553 1874 congruit,
577 1792 617 1853 ita
640 1789 697 1870 his,
722 1791 801 1873 quod
824 1792 912 1869 absit,
935 1809 996 1854 non
1018 1789 1173 1854 mediocre
1196 1792 1364 1873 periculum
1388 1801 1446 1873 est,

238 1885 241 1892 ’
301 1899 351 1979 qui
374 1916 465 1979 quum
488 1895 618 1959 debeant
638 1914 759 1977 parere,
784 1893 1020 1977 despiciant.“⁴)
1132 1921 1135 1926 ·
1445 1976 1448 1984 ,

407 2003 491 2065 Hace
519 2002 605 2067 Sedis
634 2000 828 2081 Apostolicee
862 2020 976 2065 summa
1011 1997 1179 2076 sollicitudo
1213 2020 1250 2064 ac
1284 2002 1446 2069 dominatio

301 2094 403 2172 autem
438 2106 526 2170 simul
559 2125 615 2187 pro
648 2113 710 2168 tota
743 2108 874 2169 ecclesia
910 2107 1031 2194 maximi
1064 2109 1222 2188 momenti,
1262 2127 1318 2190 pro
1352 2111 1449 2195 rebus

300 2214 438 2277 omnibus
474 2220 505 2274 et
539 2212 677 2275 civilibus
711 2220 743 2274 et
770 2212 987 2297 ecelesiasticis
1012 2211 1079 2273 fere
1107 2215 1283 2276 necessaria
1311 2223 1366 2278 est.
1411 2215 1447 2278 ln

302 2321 367 2402 ipsa
391 2319 470 2379 enim
494 2318 584 2380 totius
601 2317 680 2398 juris
704 2325 735 2378 et
757 2317 860 2380 salutis
883 2317 1020 2400 publicae
1044 2317 1201 2398 securitas,
1231 2326 1326 2383 status
1348 2322 1445 2384 omnis

297 2423 485 2487 incolumitas
513 2439 550 2483 ac
578 2419 773 2484 moderamen
802 2423 946 2485 consistit.
998 2422 1182 2504 „Priviiegia
1211 2427 1241 2489 S.
1270 2426 1320 2505 A,
1349 2427 1399 2505 ait,
1416 2424 1445 2501 ⁵)

298 2530 431 2613 tegmina
465 2535 534 2592 sunt
565 2527 656 2590 totius
685 2528 835 2590 ecelesiae
863 2526 1040 2607 catholicae,
1075 2529 1237 2590 munimina
1264 2538 1333 2592 sunt
1361 2533 1444 2594 circa

299 2654 404 2699 omnes
443 2637 572 2715 impetus
611 2634 833 2714 pravitatum;“
874 2632 980 2694 eadem
1019 2640 1052 2695 ut
1089 2634 1147 2698 alio
1184 2635 1251 2696 loco
1284 2633 1442 2712 scribitl)

299 2741 411 2819 „totius
445 2745 515 2801 sunt
549 2722 658 2799 Christi
692 2737 828 2799 remedia
863 2737 1013 2800 ecclesiae
1046 2739 1218 2815 catholicae,
1257 2744 1326 2799 sunt
1358 2738 1440 2800 Petri

298 2862 381 2907 arma
420 2850 524 2907 eontra
558 2860 664 2905 omnes
697 2844 826 2924 impetus
861 2843 1040 2924 pravitatum
1074 2851 1105 2907 et
1124 2842 1316 2906 munimenta
1349 2849 1441 2925 atque

298 2951 476 3012 documenta
504 2949 623 3031 Domini
651 2947 841 3011 sacerdotum
871 2956 902 3011 et
932 2949 1090 3012 omnium
1119 2965 1288 3031 prorsus,
1323 2949 1443 3030 quiin

404 3171 428 3237 ¹)
446 3175 511 3243 priv.
532 3173 636 3241 corbej.
655 3175 686 3241 [l.
707 3193 729 3232 c.
748 3175 825 3241 815).

399 3259 425 3328 ²)
445 3264 509 3330 priv.
530 3263 596 3318 ecel.
614 3264 746 3318 Bellovac.
767 3264 798 3329 (l.
817 3280 841 3318 c.
859 3262 932 3330 813).

400 3347 426 3413 ³)
443 3350 541 3402 Eadem
559 3352 614 3403 iere
629 3351 683 3415 jam
703 3351 809 3404 Sinicius
828 3352 853 3403 in
873 3368 916 3420 ep.
935 3351 949 3404 1
971 3351 1003 3403 ad
1020 3349 1115 3405 Himar.
1133 3348 1223 3404 babet:
1246 3352 1344 3423 „officii
1362 3353 1443 3405 nostri

297 3436 504 3489 consideratione
527 3453 579 3488 non
605 3446 644 3489 est
666 3438 740 3491 nobis
766 3439 926 3491 dissimulare
952 3454 1004 3489 non
1029 3445 1069 3490 est
1095 3446 1184 3490 tacere
1206 3439 1320 3504 libertas,
1349 3439 1442 3508 quibus

295 3525 376 3590 major
395 3525 493 3575 eunctis
507 3522 665 3578 Christianae
682 3525 816 3595 religionis
835 3528 906 3579 zelus
925 3526 1055 3579 incumbit.
1082 3526 1216 3580 Portemus
1228 3541 1307 3578 onera
1319 3525 1441 3588 omnium,

296 3613 338 3680 qui
357 3620 503 3679 gravantur,
522 3613 580 3680 quin
599 3614 675 3666 immo
694 3613 759 3681 haec
778 3618 905 3683 portatio
922 3614 997 3666 nobis
1015 3614 1041 3668 b.
1060 3612 1192 3681 apostolus
1210 3613 1309 3674 Petrus,
1328 3610 1445 3679 quinos

294 3703 320 3750 in
339 3699 464 3764 omnibus,
483 3709 511 3752 ut
528 3700 688 3768 confidimus,
707 3703 930 3755 administrationis
949 3718 1011 3755 suae
1029 3702 1142 3771 protegit
1153 3704 1272 3752 ettuetur
1284 3697 1442 3754 haeredes.“

295 3786 442 3851 [Constant.
460 3789 558 3860 „Epist
576 3790 650 3845 Rom.
669 3791 779 3843 vonsts‘
797 3791 816 3854 1,
835 3788 908 3854 624).

235 3944 236 3953 ἵ
396 3873 420 3942 ⁴)
439 3891 482 3943 ep.
499 3875 535 3930 86
554 3877 587 3929 ad
605 3878 678 3932 liich.
696 3879 757 3944 imp.
776 3878 793 3931 l.
813 3894 835 3932 e.
855 3877 916 3932 959.
952 3878 986 3930 Et
1008 3880 1065 3946 ipsa
1084 3876 1149 3929 baec
1167 3881 1228 3927 sunt
1245 3873 1327 3928 verba
1345 3873 1441 3929 Gelasii

293 3964 324 4014 ad
343 3963 430 4019 Anast.
448 3966 564 4032 irruperat.
583 3965 674 4029 (Hand.
693 3965 723 4019 tl.
741 3964 817 4029 893).

301 4070 303 4073 ·
396 4049 422 4114 ⁵)
445 4069 486 4120 ap.
504 4051 540 4106 35
554 4053 597 4104 ad
615 4067 698 4119 eppos
717 4068 775 4118 syn.
794 4052 931 4107 Silvanect.
953 4050 984 4116 (l.
1003 4068 1027 4108 e.
1045 4052 1123 4117 882),
1142 4052 1175 4108 ci.
1195 4067 1237 4118 cp.
1256 4049 1292 4105 98
1310 4050 1342 4101 ad
1363 4048 1441 4101 blicis.

290 4139 349 4207 imp.
369 4139 401 4204 (l.
420 4157 443 4194 c.
462 4127 556 4203 toto),
575 4154 616 4205 cp.
636 4137 688 4192 104
707 4139 740 4191 ad
758 4137 826 4194 Cler.
845 4139 884 4194 Gt
902 4139 935 4204 (l.
954 4155 978 4195 c.
998 4140 1088 4207 1070).
1140 4170 1142 4178 ι

393 4225 420 4289 ⁶)
440 4243 481 4293 ep.
499 4224 534 4279 36
553 4224 589 4280 ad
605 4224 662 4279 Car.
682 4225 753 4283 Calv.
774 4227 804 4293 ll.
824 4244 847 4282 α
866 4226 943 4289 836).
1076 4248 1079 4253 ’
