3084 4838
669 313 728 387 '11

138 527 379 609 possessionibus
391 524 416 599 ¹)
432 523 558 604 aliisque
573 522 603 587 id
618 538 716 607 genus
731 523 886 604 permultis
901 521 997 589 rebus,
1006 524 1118 585 6661161·
1134 521 1276 603 vigilavit.

54 624 62 630 ’
137 636 196 697 Pro
227 629 420 697 ¹defendenda
452 628 582 710 denique
617 629 761 711 dignitate
790 626 969 695 sacerdotali
982 624 1011 699 ²)
1041 635 1071 688 61
1096 627 1276 690 matrimonii
1313 662 1316 665 ·

135 740 295 802 sanctitate
304 734 332 810 ³)
350 743 453 798 contra
466 736 608 799 uitiorum
622 736 844 816 inquinamenta
860 741 892 796 et
906 733 1106 821 potentiorum
1120 733 1277 796 violentias

136 848 177 908 ita
206 843 365 924 processit,
393 849 427 905 ut
448 841 488 903 ibi
510 840 549 903 ad
571 841 810 905 internecionem
832 857 928 922 usque
950 838 1090 901 laborare
1113 836 1277 909 videretur.

276 1016 312 1078 B.
359 1015 469 1078 Circa
504 1009 792 1097 legislationem
828 1012 1140 1078 ecclesiasticam.

242 1138 414 1205 Secundum
437 1137 548 1215 ideam,
572 1155 661 1218 quam
684 1136 721 1198 de
745 1139 860 1200 ratione
884 1138 1029 1201 Primatus
1051 1136 1175 1201 Romani
1199 1152 1276 1197 con·
1327 1206 1332 1215 ¹

138 1253 272 1326 ceperat,
305 1244 445 1306 Nicolaus
477 1242 548 1308 Scdi
570 1241 696 1323 Aplicae
725 1262 785 1306 non
812 1244 908 1324 potuit
935 1260 994 1304 non
1022 1260 1166 1304 summam
1190 1241 1279 1302 etiam

135 1354 167 1413 in
191 1350 321 1413 ecclesia
344 1349 564 1431 legislationem
588 1349 763 1411 attribuere.
805 1349 950 1428 „Constat
972 1348 1061 1426 enim,
1085 1347 1122 1409 ad
1144 1347 1279 1411 Photinm
1326 1401 1330 1407 .

137 1458 242 1521 scribit
260 1448 329 1536 (ep.
357 1456 396 1519 12
419 1455 439 1518 l.
461 1473 490 1516 c.
515 1452 607 1534 786),
631 1472 655 1517 6.
672 1455 835 1518 Romanam
858 1454 1019 1516 ecclesiam
1042 1471 1097 1534 per
1112 1450 1142 1514 b.
1159 1454 1279 1514 Petrum

216 1563 347 1625 omnium
376 1561 577 1648 ecclesiarum
600 1568 689 1642 caput
710 1578 792 1639 esse,
822 1568 853 1621 et
876 1561 912 1622 ab
937 1578 974 1621 ea
995 1558 1205 1622 rectitudinem
1229 1564 1278 1619 at-

138 1685 198 1748 que
222 1666 358 1729 ordinem
381 1666 411 1726 in
435 1667 549 1728 cunctis
572 1666 745 1729 utilitatibus
769 1674 799 1728 et
820 1666 1033 1728 ecclesiasticis
1047 1664 1278 1728 institutionibus

216 1773 381 1852 exquirere
405 1772 584 1834 assectari.
630 1773 668 1834 Et
690 1772 759 1834 ideo
783 1789 973 1854 consequens
997 1779 1053 1850 est,
1082 1777 1115 1834 ut
1137 1769 1218 1852 quod
1241 1770 1278 1831 ab

139 1878 225 1959 hujus
249 1876 335 1942 Sedis
363 1878 532 1940 rectoribus
561 1878 650 1959 plena
678 1879 856 1941 auctoritate
884 1879 1026 1957 sancitur,
1061 1877 1169 1939 nullius
1199 1895 1276 1938 con-

138 1982 304 2046 suetudinis
344 1983 560 2064 praepediente
600 1986 761 2048 occasione
800 1985 937 2065 proprias
975 1990 1088 2046 tantum
1122 1981 1278 2064 sequendo

116 2101 120 2107 ·
137 2088 307 2151 voluntates
329 2095 533 2168 removeatur,
556 2089 613 2151 sed
634 2090 748 2151 firmius
765 2096 854 2171 atque
870 2090 1049 2172 inconcusse
1065 2088 1236 2152 teneatur.“
1250 2083 1279 2162 ⁴)

139 2242 352 2257 ..ιω-ιι-

246 2312 266 2380 ¹)
290 2314 348 2366 Non
377 2314 460 2367 solnm
489 2314 567 2366 multa
594 2330 642 2382 pro
670 2315 807 2367 securitate
830 2315 997 2368 eccledarnm
1020 2322 1047 2367 et
1068 2314 1281 2367 monasteriorum

138 2400 274 2470 privilegia
293 2402 423 2453 concessit
446 2402 488 2468 (er
505 2419 546 2470 gr.
564 2420 587 2456 a.
605 2401 657 2456 859
676 2419 722 2472 pro
741 2412 850 2471 monast.
867 2403 940 2458 Fnld.
959 2404 977 2458 l.
996 2421 1020 2459 c.
1038 2404 1089 2458 770
1108 2403 1164 2471 ss),
1186 2421 1209 2458 a.
1228 2403 1281 2473 863

136 2506 185 2557 pro
210 2488 291 2540 ecclia
317 2488 447 2544 Bellovac.
474 2498 509 2545 et.
523 2500 660 2545 monaster.
684 2489 797 2557 Corbej„
823 2493 976 2558 Sandionys.
1000 2501 1026 2544 61
1045 2493 1071 2546 S.
1089 2494 1192 2544 liarilcli
1211 2495 1238 2560 (l.
1257 2512 1280 2552 e.
1349 2532 1354 2537 ·
1384 2522 1386 2527 v

137 2570 190 2629 813
209 2592 254 2640 ss..
277 2575 330 2631 815
350 2594 393 2642 66,
418 2576 471 2631 890
490 2594 525 2632 ss.
545 2578 641 2633 61846
660 2578 715 2643 ss),
745 2580 792 2630 sed
811 2597 887 2648 quum
906 2583 1010 2647 rapinae
1030 2581 1155 2644 ejusmodi
1174 2583 1278 2632 166616

137 2663 224 2716 Galliis
248 2664 304 2717 lere
329 2675 469 2719 consuetae
494 2675 590 2732 essent,
613 2684 665 2719 non
684 2668 787 2733 destitit,
806 2669 867 2736 quin
886 2676 911 2719 et
927 2683 1004 2736 regas
1023 2667 1082 2718 ideo
1102 2676 1217 2720 moneret
1239 2668 1283 2735 (ex

137 2769 177 2820 gr.
195 2770 236 2820 ep.
255 2753 289 2807 73
309 2756 340 2806 ad
360 2753 445 2809 Carol.
465 2755 537 2810 Gala.
555 2756 615 2810 1.6.
633 2755 694 2821 896,
719 2773 761 2823 ep.
778 2756 815 2810 95
838 2756 869 2809 ad
894 2757 971 2809 eund.
989 2757 1006 2811 1.
1025 2772 1049 2811 6.
1068 2754 1130 2822 976)
1155 2765 1180 2808 61
1197 2758 1278 2824 perti·

139 2857 218 2891 naces
238 2842 394 2894 anathemate
413 2845 502 2896 feriret
525 2845 568 2911 (ex
586 2861 626 2912 gr.
645 2860 687 2913 ep.
707 2845 740 2899 16
762 2845 795 2897 ad
811 2845 896 2898 Adon.
914 2845 1004 2898 Visun.
1022 2844 1039 2896 l.
1059 2862 1083 2899 6.
1102 2845 1161 2910 797,
1185 2862 1226 2914 cp.
1244 2846 1278 2901 73

140 2926 192 2988 cit,
211 2942 251 2991 ep.
270 2928 321 2978 111
340 2928 373 2977 ad
390 2930 489 2981 nobiles
507 2932 592 2998 Aquit.
610 2932 628 2984 1.
648 2949 672 2985 6.
692 2933 770 2997 1114,
790 2950 831 2999 ep.
850 2933 936 2987 1991.
956 2932 1137 2999 6119461).

244 3008 487 3078 2)116116616166111
507 3034 600 3068 causae
619 3026 689 3069 sunt:
713 3019 802 3086 ignatii
822 3018 924 3088 Ctpltni‚
942 3021 1058 3072 Rothadii
1078 3020 1280 3088 suessionensis,

141 3098 243 3167 Sigania
268 3100 424 3152 Avernensis
449 3101 493 3166 (cf.
518 3119 559 3169 ep.
584 3104 619 3157 94
641 3105 658 3155 l.
683 3122 706 3160 c.
730 3106 802 3173 805),
827 3116 853 3158 61
874 3107 1074 3161 Britannicarum
1099 3111 1278 3178 episcoporum

139 3186 185 3252 (61.
208 3204 251 3255 ep.
276 3187 311 3243 95
333 3187 351 3241 1.
375 3204 398 3241 c.
423 3187 476 3242 806
495 3207 540 3255 ss,
568 3192 660 3258 opat
681 3193 777 3260 6199),
806 3195 873 3246 61661
889 3195 1007 3245 Wnlladii
1026 3198 1206 3264 sociorumque
1224 3198 1281 3262 ejus
1349 3222 1355 3233 ·

140 3274 293 3350 clericorum
311 3276 355 3342 (61.
372 3292 414 3344 ep.
433 3277 477 3342 89,
495 3278 539 3342 90,
558 3277 602 3343 96,
621 3276 782 3349 lot—110).
803 3282 942 3335 Praeterea
960 3284 994 3336 cl.
1012 3276 1210 3350 dissertfiprior.
1227 3285 1280 3350 „de

137 3362 193 3415 Nic.
212 3362 297 3431 leglat.
315 3364 398 3419 eccl.“
416 3383 442 3434 p.
462 3366 494 3420 11
514 3382 550 3420 66.

244 3446 266 3517 3)
284 3452 389 3503 Praeter
406 3453 514 3520 plurima
532 3455 564 3507 de
582 3457 741 3510 matrimonio
760 3461 895 3512 6666111616
919 3458 964 3527 (61.
982 3460 1085 3514 dissert.
1102 3460 1181 3526 prior.
1199 3473 1225 3525 p.
1245 3459 1280 3514 14

138 3537 185 3605 ss.)
203 3537 244 3589 hic
264 3541 413 3605 praeprimis
431 3544 636 3610 memorandump
650 3554 770 3614 qnantum
789 3547 819 3599 ah
834 3548 879 3599 illo
893 3549 962 3600 eirca
974 3550 1158 3601 matrimonium
1165 3548 1279 3601 lotharii

138 3628 208 3696 regis
227 3636 253 3679 61
270 3626 380 3679 Boscnis
399 3630 497 3680 comitis
517 3629 561 3695 (cl.
580 3647 621 3700 ep.
640 3635 666 3698 6,
684 3632 699 3687 7
719 3651 775 3700 syn.
792 3637 864 3687 1166.
883 3636 935 3690 863
955 3636 1007 3705 611.)
1025 3638 1165 3690 laboratum
1184 3639 1225 3692 sit.

162 3725 165 3731 '
241 3712 265 3781 4)
284 3714 404 3769 Similiter
418 3714 534 3769 Gelasius
552 3720 577 3769 in
597 3735 638 3785 ep.
657 3723 689 3773 ad
708 3737 789 3787 oppos
804 3722 930 3775 Lucaniae
948 3726 1002 3778 69
1020 3725 1125 3791 (16616111
1143 3724 1275 3790 ,6116116116

133 3802 187 3868 jur.
205 3820 262 3859 cau.
279 3806 349 3859 vet.“
366 3803 386 3858 1.
404 3803 561 3869 6161161.
579 3808 609 3863 11.
629 3808 692 3874 900)
709 3809 784 3861 dicit:
808 3811 887 3874 „satis
905 3811 1036 3878 indignum
1054 3821 1102 3877 est,
1126 3828 1277 3884 quemquam

135 3890 179 3943 vel
197 3893 345 3958 pontificum
363 3893 406 3946 vel
425 3894 540 3947 ordinum
560 3895 767 3965 subsequentium
785 3897 851 3949 hanc
865 3896 1051 3952 observantiam
1061 3903 1182 3966 relatiua,
1201 3918 1277 3970 quam

137 3979 163 4033 b.
181 3978 249 4030 Petri
268 3979 356 4032 sedem
374 3990 400 4034 et
418 3985 492 4052 sequi
511 3983 596 4037 videat
614 3993 640 4036 et
658 3985 762 4050 docere,
781 3987 894 4055 satisque
914 3987 1071 4039 'conveniens
1088 3990 1130 4053 611,
1153 3996 1180 4039 61
1196 3996 1276 4039 totum

137 4082 232 4133 corpus
256 4066 385 4123 acclesiae
408 4073 434 4122 in
457 4072 506 4125 hac
529 4073 630 4125 sibimet
648 4073 831 4127 observatione
845 4075 997 4142 concordet,
1026 4093 1100 4146 qnam
1118 4076 1171 4127 illic
1188 4077 1277 4145 vigera

136 4149 294 4221 6666616161,
305 4156 347 4207 ubi
364 4157 486 4212 Dominus
506 4161 633 4214 ecclesiae
651 4164 728 4215 161166
746 4164 832 4228 posuit
849 4164 1043 4231 principatum.“
1067 4164 1185 4219 Ceterum
1201 4165 1276 4232 ptura

136 4242 169 4293 de
188 4259 220 4295 66
237 4260 266 4295 ra
285 4243 319 4298 61.
337 4243 438 4302 dissert.
457 4248 535 4313 prior.
552 4249 604 4316 „da
617 4250 677 4306 llic.
694 4251 799 4321 166161.ιι
817 4266 842 4323 p.
861 4252 879 4307 9
896 4267 932 4308 66.
949 4260 977 4306 61
993 4266 1052 4322 pag.
1067 4251 1106 4306 30
1125 4268 1169 4309 66.-
