3084 4838
668 326 690 393 7

31 573 34 579 ,
109 530 286 598 Antioohiae
310 537 342 595 et
364 527 595 604 Alexandriae.)
628 528 758 592 Proinde
781 527 1155 613 animadvertendumest,
1179 537 1248 616 quia

109 658 169 702 non
205 639 321 702 Nicena
357 653 417 699 non
454 633 583 716 denique
625 635 685 698 ulla
727 633 860 717 synodus
897 634 1065 717 quodquam
1095 638 1248 702 Romanae

108 744 260 808 ecclesiae
284 741 408 806 contulit
428 739 628 823 privilegium,
653 758 731 824 quae
753 742 785 803 in
806 743 896 805 Petro
919 749 1046 804 noverat
1068 760 1135 804 eam
1156 746 1246 808 totius

103 852 175 933 jura
208 849 364 929 potestatis
396 846 526 928 pleniter
558 847 708 911 meruisse
742 856 774 910 et
807 854 994 938 cunctarum·
1011 846 1120 910 Christi
1147 850 1247 912 ovium

108 956 249 1037 regimen
271 954 425 1034 accepisse
449 958 535 1029 (see,
552 953 687 1015 Boniiac.
711 970 759 1034 ep.
784 952 821 1016 ad
843 971 938 1034 eppos
960 953 1148 1028 'lhessal.).“
1172 989 1213 1001 --

214 1075 283 1142 Sola
305 1076 398 1158 igitur
419 1076 450 1138 in
474 1074 573 1137 divina
595 1041 779 1144 institutione
800 1075 941 1139 Nicoleus
963 1078 1107 1156 primatus
1121 1077 1251 1140 Romani

105 1183 156 1266 jus
182 1199 327 1262 suamque
355 1180 394 1241 de
422 1180 490 1261 eJus
519 1180 708 1260 perennitate
736 1179 874 1244 fiduciam
896 1180 990 1243 fulcit.
1037 1181 1175 1245 Oenones
1196 1190 1249 1245 aut

7 1304 9 1319 *
108 1287 279 1350 decretales
317 1292 428 1364 autem,
463 1303 541 1366 quae
574 1285 605 1347 in
636 1285 693 1346 hae
726 1303 762 1347 re
795 1284 925 1364 adducit,
959 1285 1160 1350 tantummodo
1192 1306 1248 1368 pro

7 1390 8 1393 ’
106 1393 286 1456 testimoniis
312 1389 442 1471 adhibet,
475 1391 595 1472 singula
625 1390 761 1472 ejusdem
784 1392 855 1474 J'ura
877 1392 941 1475 jam
964 1392 1124 1472 antiquitus
1147 1393 1248 1474 agnita

108 1516 189 1563 esse.
208 1495 234 1571 ¹)
279 1497 357 1560 Num
384 1503 486 1558 antem
513 1495 592 1557 sorte
618 1497 660 1558 ibi
687 1495 958 1560 Pseudo-Isidorus
986 1497 1043 1577 ipsi
1071 1504 1248 1579 argumenta

108 1602 331 1685 suppeditavit?
349 1602 449 1674 =Quae
478 1601 613 1681 quaestio
640 1621 730 1683 quum
752 1609 895 1679 accurate
919 1600 1040 1664 diiiiniri
1061 1621 1122 1666 non
1144 1603 1249 1685 possit,

7 1736 9 1747 ·
109 1710 168 1770 nisi
196 1709 298 1788 'ipsum
329 1706 379 1789 jus
416 1705 611 1786 Pontificium‚
652 1704 732 1788 quod
765 1706 905 1769 Nicolaus
937 1706 1117 1787 exhibuerit,
1157 1716 1250 1771 totum

110 1821 199 1875 antea
221 1818 431 1893 cognoscatur,
455 1811 602 1874 hocloco
624 1811 799 1893 simpliciter
821 1828 952 1894 negasse
976 1810 1113 1875 sufficiat.
1159 1813 1248 1877 Plena

7 1934 8 1943 ¹
71 1908 79 1917 ’
108 1925 288 2001 argumenta
311 1916 431 1980 demum
453 1916 491 1981 ad
513 1917 604 1980 linem
626 1920 657 1981 in
679 1917 846 2001 appendice
868 1917 881 1980 l
903 1917 1106 1999 proferentur.

643 2144 712 2214 ΙΙ.

108 2305 189 2374 lle
213 2297 422 2387 singulis
438 2297 654 2385 juribus,
677 2313 808 2389 quae
829 2297 1056 2374 Nicotaus
1078 2301 1249 2375 Ponti-

319 2420 468 2495 ficiae
489 2422 726 2510 potestati
749 2422 1042 2501 asseruerit

255 2585 294 2648 A.
340 2583 448 2647 Circa
480 2585 760 2667 inspectionem
794 2585 1106 2648 ecclesiasticam.

218 2705 462 2787 „Sollicitudinis
505 2727 594 2790 quam
632 2728 687 2790 pro
709 2690 874 2771 ⁴universis
912 2707 1050 2771 ecclesiis
1087 2707 1250 2770 Dominicis

110 2815 306 2891 sustinemus,
341 2815 507 2876 necessitas
530 2833 585 2878 nos
609 2815 770 2895 compellit,
805 2813 843 2875 de
867 2816 997 2878 omniurn
1019 2812 1150 2877 fidelium
1174 2820 1251 2877 statu

112 2916 271 2995 impigram
311 2934 425 2996 gerere
464 2918 721 2996 providentiam,“
760 2918 901 2981 Nicolaus
935 2920 1051 2981 nobiles
1085 2918 1251 2999 Aquitanos

112 3020 282 3099 alloquitur,
329 3019 379 3098 qui
423 3020 479 3099 ipsi
524 3019 562 3082 de
608 3020 806 3084 ecclesiarum
844 3023 1125 3104 depraedationibus
1163 3024 1253 3087 delati

113 3125 235 3189 lucrant
264 3132 329 3205 (ep.
357 3122 416 3185 111
442 3124 462 3186 l.
486 3142 512 3187 c.
539 3123 651 3200 1114).
698 3126 752 3188 Cui
775 3128 980 3206 providentiae
1004 3138 1036 3192 ut
1051 3132 1251 3211 justesatis-

111 3232 211 3310 lieret,
252 3238 284 3294 et
319 3229 484 3294 relationes
521 3231 731 3312 episcoporum
752 3232 949 3313 »exquirendi
986 3240 1017 3295 et
1051 3235 1169 3315 legatos
1203 3234 1254 3296 vel

113 3336 256 3418 epistolas
279 3334 430 3418 dirigendi
448 3336 499 3418 jus
523 3337 554 3403 S.
578 3337 617 3400 Α.
641 3355 711 3400 esse
735 3338 846 3418 ubique
870 3339 1008 3401 asseruit.

220 3459 267 3520 De
295 3459 440 3522 relatione
474 3460 593 3543 quidem
632 3462 842 3545 episcoporum
869 3460 989 3542 saepius
1025 3459 1097 3524 illud
1135 3458 1252 3525 concilii

114 3565 305 3634 Sardicensis
329 3565 467 3645 inculcat,
497 3570 661 3648 „optimum
685 3568 824 3644 etvalde
847 3557 1149 3650 congruentissimum
1173 3586 1253 3649 esse,

222 3790 243 3858 ¹)
267 3791 339 3846 Sicut
361 3808 394 3844 en
415 3808 454 3862 gr.
478 3793 511 3845 de
535 3809 631 3846 summa
651 3793 829 3858 jurisdictione
853 3792 880 3847 S.
896 3792 928 3848 A.
947 3791 1075 3846 Gelasium
1093 3794 1127 3845 ita
1145 3795 1257 3862 appellat

112 3883 169 3950 (ep.
193 3876 268 3933 751.
291 3897 314 3934 o.
333 3881 410 3948 thblr
437 3882 477 3948 „si
500 3883 557 3951 qais
582 3891 665 3934 autem
691 3881 768 3933 tacita
789 3883 856 3934 forte
883 3881 1069 3948 (mussitatione
1092 3882 1255 3949 obtenderit),

115 3970 247 4022 Romanae
273 3967 417 4033 tipusmodi
445 3970 574 4022 ecelesiae
598 3969 732 4040 privilegia
754 3986 806 4022 non
829 3972 919 4036 luisse,
946 3969 1036 4040 quibus
1060 3970 1143 4023 Sedes
1166 3970 1256 4039 Aptica

116 4056 223 4109 olmrnm
240 4055 318 4124 ligata
336 4058 481 4123 praesulum
498 4058 643 4113 facultatem
661 4058 777 4112 babuerit
789 4059 956 4124 dissolvendi,
975 4059 1157 4129 praeterquod
1172 4060 1257 4127 prisca

116 4160 202 4197 reram
237 4142 388 4212 probatione
424 4155 450 4197 et
484 4147 660 4202 nonnullarum
697 4149 848 4202 recitatione
877 4150 1058 4220 scripturarum
1089 4148 1256 4214 convincitur,

117 4234 214 4287 testis
233 4240 286 4285 est
302 4231 329 4286 b.
348 4230 473 4300 Gelenius,
493 4236 535 4303 qni
553 4236 622 4290 etc.“
