3084 4838
844 315 869 386 8

281 523 308 593 si
341 519 381 583 ad
414 529 505 602 caput
533 521 553 583 i.
583 538 613 585 0.
640 523 722 586 Petri
749 524 878 617 apostoli
905 523 1011 587 sedem
1039 524 1079 586 de
1106 523 1232 606 siugulis
1259 522 1429 605 quibusque
1503 558 1506 564 ι

281 626 444 707 provinciis
490 623 601 691 domiui
638 627 775 693 releuant
813 629 1024 717 sacerdotes.“
1040 627 1066 703 ¹)
1120 628 1213 711 quue
1252 630 1430 692 necessario

281 732 411 814 postulat
444 731 498 810 „in
531 733 625 797 rebus
662 735 814 813 omnibus,
855 753 933 816 quae
966 734 1096 815 aliquam
1129 742 1256 816 possunt
1286 735 1431 815 recipere

283 836 469 902 dubietatem
493 838 543 899 vel
559 857 768 921 quamcunque
784 841 944 901 incurrere
960 840 1203 919 quaestionem,“
1227 848 1289 904 tum
1308 841 1436 915 omniuo,
1539 882 1541 903 .

283 945 337 1025 „in
365 944 503 1007 omnihus
532 946 694 1026 majmibus
724 946 855 1027 negotiis
884 940 1175 1017 ecclesiasticis.“²)
1221 945 1324 1019 Quare
1351 948 1432 1010 sicut

284 1048 431 1133 ejusmodi
454 1049 616 1113 relationes
639 1057 742 1132 utpote
761 1046 897 1129 ,merito
921 1050 1038 1113 factas“
1062 1066 1184 1130 semper
1205 1048 1343 1113 laudibus
1366 1070 1430 1114 ex-

284 1155 368 1234 tollit,
383 1152 412 1229 3)
451 1156 492 1218 ita
529 1155 580 1219 ubi
614 1156 815 1237 intermissae,
854 1156 1049 1219 severissime
1081 1156 1226 1236 increpat.
1237 1151 1267 1228 4)
1303 1189 1345 1200 —
1378 1155 1431 1218 Ad
1540 1194 1541 1231 ,

285 1260 416 1327 eundem
444 1262 523 1325 hunc
551 1261 641 1325 finem
671 1264 759 1325 etiam
788 1270 882 1325 testes
911 1280 1015 1324 rerum
1043 1262 1125 1342 ipsos
1154 1259 1191 1321 ad
1218 1277 1253 1323 se
1281 1260 1428 1323 evocandi
1539 1234 1541 1281 1

285 1367 490 1449 plenissimam
517 1366 574 1431 sibi
601 1369 752 1430 licentiam
781 1368 896 1431 astruit.
943 1367 1025 1447 „Per
1054 1365 1250 1446 principalem
1272 1364 1430 1427 beatorum
1540 1352 1541 1425 ξ

285 1472 421 1554 aplorum
450 1472 530 1535 Petri
566 1480 598 1535 et
625 1474 707 1536 Pauli
741 1480 931 1555 potestatem,
968 1471 1006 1534 ad
1033 1471 1122 1533 llich.
1155 1472 1292 1551 imperat.
1325 1470 1433 1532 scribit
1495 1513 1499 1517 ,

287 1586 353 1660 (ep.
377 1576 463 1641 861.
488 1595 516 1638 c.
540 1577 633 1657 952),
663 1578 715 1660 jus
742 1578 900 1659 habemus,
935 1576 1116 1641 00000100
1139 1576 1300 1639 monachos
1323 1593 1433 1639 verum

285 1685 377 1747 etiam
404 1682 554 1765 quoslibet
582 1683 711 1749 clericos
740 1684 778 1747 de
807 1703 985 1766 quacunque
1009 1682 1153 1761 dioecesi,
1188 1698 1432 1769 quumnecesse
1540 1690 1541 1693 ’

288 1788 391 1869 luerit,
415 1788 454 1851 ad
476 1807 531 1852 nos
554 1808 724 1854 convocare
748 1798 838 1872 atque
862 1789 1076 1853 ecclesiasticis
1099 1787 1293 1871 exigentibus
1315 1804 1432 1869 oppor-

287 1894 460 1958 tunitatibus
482 1895 644 1958 invitarc.“
682 1938 686 1944 -
1462 1890 1471 1904 ·

393 2017 440 2079 De
474 2015 625 2079 mittendis
659 2023 760 2080 autem
793 2024 919 2098 propter
951 2016 1154 2079 universalem
1193 2015 1344 2078 ecclesiae
1381 2017 1433 2078 in-

287 2122 476 2204 spectionem
497 2121 607 2204 legatis
630 2130 662 2184 et
684 2122 819 2204 epistolis
842 2124 882 2186 ita
904 2122 1036 2186 officium
1056 2124 1086 2187 S.
1103 2122 1142 2185 Α.
1165 2120 1311 2184 vindicat:
1335 2122 1435 2201 „Quia

286 2235 462 2293 cunctarum
485 2225 595 2290 Christi
625 2229 726 2292 ovium
754 2247 829 2292 cura
858 2229 1101 2311 constringimur,
1137 2246 1227 2309 quum
1249 2229 1333 2289 vices
1356 2227 1434 2291 illius

287 2334 452 2416 egerimus,
493 2334 542 2395 cui
575 2334 747 2414 specialiter
782 2353 799 2396 a
834 2335 901 2397 Deo
934 2333 1043 2397 dicitur
1082 2352 1196 2414 „pasce
1224 2351 1298 2396 oues
1328 2332 1435 2396 meas“

289 2446 321 2502 et
347 2455 453 2502 rursus
486 2445 539 2514 „ct
567 2446 601 2501 tu
628 2439 792 2519 aliquando
820 2457 992 2502 conuersus
1021 2441 1170 2519 confirma
1195 2438 1313 2518 fratres
1340 2441 1434 2502 tuos“
1539 2442 1540 2451 ’

289 2579 331 2592 -
355 2561 415 2607 non
438 2543 588 2625 potuimus
607 2544 800 2609 dissimulare
825 2564 885 2609 non
909 2546 1059 2627 potuimus
1080 2544 1253 2631 negligere,
1276 2545 1434 2625 quominus

289 2651 480 2717 visitaremus
509 2668 583 2712 oves
612 2649 764 2732 dispersas
793 2651 844 2713 vel
872 2652 1031 2734 quominus
1055 2650 1299 2714 confirmaremus
1320 2650 1351 2710 ln
1372 2648 1436 2719 lide,

289 2764 322 2819 et
336 2757 424 2819 bonis
440 2755 573 2818 moribus
588 2754 700 2819 iratres
715 2766 834 2821 nostros
850 2765 881 2819 01
896 2757 1082 2840 proximos.“
1093 2754 1120 2833 ⁵)
1145 2757 1242 2838 „Ouia
1253 2754 1432 2817 universitas

397 2979 417 3047 ¹)
440 2998 473 3035 ex
496 3000 538 3051 ep.
561 2981 613 3048 ejd.
636 2985 888 3043 0000001011).
918 2984 1017 3055 (Coust.
1040 2983 1058 3039 1.
1082 3000 1106 3040 0.
1129 2982 1192 3050 395,
1219 2984 1298 3040 llari.
1319 2981 1340 3038 l.
1363 2981 1436 3049 653),

288 3067 373 3123 Nicol.
391 3069 417 3120 in
436 3086 478 3137 ep.
496 3069 530 3123 75
550 3071 593 3137 (Μ.
612 3071 684 3138 991).
1255 3140 1257 3144 ¹

393 3153 417 3224 2)
435 3158 469 3211 ci.
488 3174 529 3226 00.
547 3158 583 3212 32
602 3160 634 3212 ad
651 3161 749 3216 llincm.
768 3161 796 3228 (l.
815 3178 839 3216 0.
857 3161 930 3229 821),
955 3179 996 3230 ep.
1015 3161 1052 3216 35
1070 3159 1102 3213 ud
1120 3175 1202 3229 oppos
1221 3174 1279 3224 syn.
1296 3156 1437 3212 Silvanect.

291 3245 324 3312 (1.
344 3263 366 3301 c.
385 3246 458 3314 827),
476 3264 518 3317 op.
537 3247 573 3302 84
592 3250 624 3301 ad
642 3250 705 3304 Lud.
722 3251 753 3306 ll.
772 3250 800 3317 (l.
819 3267 842 3305 c.
860 3250 933 3317 925).
965 3248 1084 3302 Ceterum
1102 3247 1230 3316 quomodo
1248 3246 1324 3321 etiam
1342 3243 1393 3297 hac
1410 3247 1438 3297 in

289 3352 320 3403 ng
337 3350 389 3386 nou
407 3337 457 3389 uisi
474 3346 589 3393 veterum
608 3339 716 3408 vestigia
735 3348 842 3407 proluat,
864 3340 934 3394 conf.
957 3338 1059 3394 dissert.
1076 3344 1157 3391 nostr.
1179 3334 1231 3402 „de
1248 3333 1332 3390 Nicol.
1350 3332 1438 3404 leglat.

291 3422 376 3477 0001.“
394 3440 420 3491 0.
438 3423 481 3477 21.
500 3441 537 3477 ss.

394 3507 417 3575 ⁸)
436 3527 468 3562 ex
485 3527 524 3579 gr.
543 3513 568 3562 iu
588 3527 630 3579 ep.
649 3513 664 3565 1
684 3510 717 3563 ad
729 3511 846 3567 Venilon.
866 3513 961 3570 Senon.
980 3515 1007 3581 (l.
1026 3531 1050 3569 c.
1069 3512 1142 3579 769),
1160 3528 1202 3580 00.
1221 3511 1326 3572 32011,
1345 3523 1386 3577 00.
1399 3506 1435 3561 33
1471 3550 1475 3557 .

292 3598 441 3654 0111110010.
460 3598 488 3665 (l.
507 3615 530 3651 c.
549 3598 621 3666 823),
641 3617 683 3668 00.
701 3600 737 3654 35
755 3603 806 3665 011,
824 3618 866 3670 00.
883 3602 919 3658 48
938 3604 971 3656 ad
989 3601 1047 3656 Gar.
1066 3601 1138 3656 Calv.
1157 3601 1184 3669 (1.
1203 3617 1227 3654 0.
1244 3596 1316 3664 862),
1341 3612 1383 3664 ep.
1402 3595 1439 3650 79

292 3687 326 3740 ad
345 3693 427 3757 e'ppos
447 3689 473 3739 in
491 3704 563 3758 regn.
583 3687 641 3744 Car.
660 3689 687 3757 (l.
707 3706 730 3744 0.
749 3690 821 3757 913).

394 3773 417 3843 ⁴)
437 3794 469 3829 ex
486 3793 525 3847 gr.
543 3779 569 3830 in
589 3794 630 3848 ep.
649 3777 684 3832 74
701 3778 730 3845 (l.
749 3778 1043 3846 neumasensium,
1067 3777 1137 3847 quod
1161 3776 1194 3827 de
1213 3790 1291 3828 causa
1309 3773 1440 3838 liothadii,

288 3865 316 3917 in
340 3880 382 3933 ep.
405 3864 440 3919 80
463 3865 491 3934 (Ι.
510 3885 534 3922 0.
552 3867 614 3934 915)
638 3867 791 3935 archieppos
814 3869 841 3920 iu
863 3884 944 3938 reguo
967 3866 1087 3932 lotharii,
1115 3863 1185 3933 quod
1208 3863 1242 3919 de
1267 3862 1318 3916 hoc
1341 3863 1440 3915 monito

290 3951 353 4007 nihil
371 3952 404 4004 ad
424 3953 450 4011 S.
467 3954 499 4009 Α.
516 3955 657 4010 retulerint.

395 4056 417 4127 ⁵)
442 4076 484 4128 ep.
507 4060 542 4115 98
569 4059 603 4112 ad
627 4057 702 4114 llicit.
723 4059 785 4127 imp.
808 4060 836 4127 (l.
859 4077 883 4114 0.
907 4059 996 4126 1919).
1032 4059 1102 4112 idem
1125 4059 1152 4111 in
1176 4072 1219 4126 00.
1243 4056 1297 4111 104
1319 4055 1351 4107 ad
1376 4053 1440 4108 cler.

291 4145 368 4216 thlt.
387 4147 549 4225 (101968)
566 4148 636 4201 0110
654 4163 703 4216 ep..
715 4147 767 4201 106
785 4148 818 4200 ad
835 4149 972 4201 universos
991 4147 1085 4201 cathol.
1103 4147 1131 4214 (l.
1151 4163 1174 4202 c.
1194 4145 1284 4211 1091).
1319 4139 1441 4195 Ceterum

291 4237 365 4289 01100
388 4235 430 4295 hic
454 4236 570 4289 similiter
587 4234 750 4290 coelestinus
773 4238 799 4289 iu
823 4234 902 4306 ep.4
924 4236 957 4290 ad
976 4250 1058 4305 eppuu
1076 4235 1169 4292 Visun.
1189 4241 1216 4287 01
1233 4230 1363 4288 liarbonn.
1387 4228 1452 4306 (ed.
