3084 4838
855 316 881 391 d

297 530 495 594 correctione
519 512 653 593 lidelium
682 546 739 611 pro
764 524 986 592 sceleratorum
1015 529 1232 594 emendatione
1254 522 1311 595 'vel
1337 531 1456 598 inter-

297 636 432 699 dictione
451 635 672 699 imminentium
691 635 740 697 vel
759 634 931 698 futurorum
949 635 1094 698 malorum
1108 654 1124 698 a
1139 636 1229 700 Sedis
1242 636 1454 719 apostolicae

297 742 441 823 praeside
481 741 647 806 salubriter
685 739 875 824 promulgata
916 743 1137 822 contempserit
1176 743 1335 806 anatliema
1371 747 1453 810 sit.“

297 842 379 929 (syn.
403 846 490 909 Rom.
514 865 541 908 a.
565 845 629 908 863
654 864 680 908 c.
705 848 724 908 5
754 865 801 928 ap.
824 846 981 909 Hardouin
1011 845 1079 911 coll.
1109 864 1197 909 conc.
1222 848 1255 910 V.
1280 849 1339 911 col.
1364 848 1450 917 574.

295 951 348 1014 itd.
372 953 403 1013 in
427 969 477 1033 ep.
503 950 568 1014 118
589 951 626 1013 ad
651 952 752 1014 Adon.
776 951 930 1034 archiepp.
967 948 1075 1014 Visun.
1103 951 1143 1014 Μ.
1168 970 1195 1015 c.
1222 951 1333 1040 1122).

402 1056 456 1119 llis
486 1057 649 1119 sententiis
680 1057 823 1139 prolatis,
853 1058 964 1140 quibus
993 1057 1135 1120 facillime
1165 1059 1344 1122 innumeras
1366 1060 1448 1126 alias

290 1160 414 1225 'addere
437 1179 575 1244 possem,
585 1160 607 1249 ¹)
634 1164 708 1226 satis
732 1170 825 1245 patet,
848 1162 1006 1225 Nicolaum
1036 1163 1077 1225 ob
1099 1165 1343 1245 praerogativam
1367 1166 1444 1231 Sedi

296 1267 452 1330 Romanae
477 1267 621 1332 divinitus
639 1286 820 1331 concessam
844 1267 883 1330 ob
901 1268 1043 1350 ejusdem
1060 1268 1264 1332 universalem
1280 1273 1439 1352 primatem

267 1358 269 1361 ¹
298 1380 330 1437 et
357 1375 559 1456 principatum
591 1375 854 1448 ecclesiasticum,
888 1374 978 1455 cujus
1009 1371 1067 1435 sibi
1098 1374 1272 1438 certissime
1296 1376 1440 1439 conscius

297 1480 374 1560 erat,
404 1481 518 1562 optimo
543 1482 616 1563 jure
641 1478 891 1561 jurisdictionem
921 1485 953 1540 et
982 1478 1207 1563 legislationem
1238 1498 1384 1545 summam
1407 1481 1444 1545 iu

298 1585 432 1648 ecclesia
465 1585 524 1647 sibi
557 1583 732 1647 vindicasse
767 1591 799 1646 et
833 1580 1058 1664 exercuisset)
1104 1583 1167 1649 Sed
1202 1584 1335 1649 sortasse
1369 1586 1444 1668 quis'

298 1692 346 1760 nil
362 1691 422 1753 nisi
446 1709 562 1754 meram
587 1697 618 1752 et
641 1690 746 1752 miram
771 1690 1053 1771 praesumptionem
1076 1689 1233 1752 Nicolai'
1224 1710 1255 1753 m
1280 1692 1445 1755 sententiis

297 1796 355 1858 illis
380 1795 478 1858 luisse
503 1796 627 1858 dixerit.
634 1791 659 1873 8)
698 1795 752 1856 Cui
776 1795 965 1875 respondeo,
994 1813 1055 1857 non
1081 1795 1179 1857 solum
1202 1796 1359 1860 Nicolaum
1384 1799 1446 1862 sed

299 1919 407 1964 omnes
431 1918 565 1964 coaevos
589 1901 681 1964 etiam
711 1899 792 1982 (nam
823 1901 1037 1963 antecedentia
1065 1908 1096 1963 et
1119 1908 1257 1982 tempora
1285 1908 1317 1963 et
1340 1920 1445 1986 argn—
1515 1928 1516 1949 ι

299 2014 401 2070 menta
434 2006 576 2070 consulto
614 2001 841 2090 praetermitto)
882 2006 921 2069 de
955 2025 1072 2069 summa
1100 2007 1313 2089 praerogatiua
1342 2007 1374 2071 S.
1403 2009 1444 2072 A.

298 2128 426 2193 prorsus
450 2111 591 2194 ejusdem
616 2113 789 2174 sententiae
819 2112 918 2174 luisse
950 2113 1063 2193 itaque
1077 2119 1108 2173 et
1130 2113 1215 2194 ipsos
1238 2113 1320 2177 illum
1343 2114 1441 2177 indn-

297 2216 392 2282 ltitate
426 2235 482 2300 pro
519 2218 698 2302 legislatore
728 2218 941 2281 ecclesiastico
969 2217 1135 2280 universali
1164 2217 1318 2281 habuisse.
1360 2219 1436 2280 Nam
1515 2280 1516 2283 ,

297 2324 427 2405 primum
446 2341 554 2386 omnes
578 2325 769 2387 assertiones
788 2324 857 2386 illae
874 2343 891 2386 a
908 2323 1034 2387 Nicolao
1051 2324 1082 2386 in
1099 2324 1229 2405 publicis
1242 2323 1436 2386 documentis
1515 2346 1516 2367 ι

334 2534 360 2594 Ι)
377 2533 465 2585 Liceat
486 2532 546 2584 mihi
569 2541 672 2602 praeter
694 2533 769 2586 locos
793 2531 906 2601 prolatos
929 2532 1045 2587 indicare
1069 2541 1163 2586 tantum
1186 2546 1226 2597 ep.
1246 2530 1280 2582 18
1298 2531 1332 2582 ad
1354 2529 1441 2584 cnrot.

298 2619 482 2686 calantes,
493 2639 533 2691 ep.
544 2623 579 2676 22
598 2622 630 2674 ad
648 2622 746 2674 llincm.
766 2621 855 2674 Rham.
874 2621 891 2673 l.
902 2638 926 2677 c.
935 2621 997 2687 821,
1017 2640 1057 2690 ep.
1076 2622 1111 2676 49
1129 2620 1162 2673 ad
1178 2617 1348 2671 llermintrud.
1366 2621 1440 2688 regi·

296 2725 355 2760 nam
372 2708 390 2759 l.
409 2724 432 2761 o.
451 2707 512 2773 863,
531 2726 571 2777 ep.
592 2709 626 2764 65
647 2710 680 2763 ad
697 2709 823 2776 Rodulph.
842 2710 946 2761 Bituric.
965 2709 982 2760 l.
1002 2727 1025 2761 c.
1044 2710 1106 2776 882,
1125 2726 1166 2777 ep.
1184 2707 1219 2761 86
1239 2707 1270 2759 ad
1284 2707 1360 2761 ttict.
1378 2709 1439 2777 imp.

296 2796 313 2850 l.
332 2814 355 2849 c.
376 2795 437 2863 948,
456 2814 496 2866 ep.
516 2797 566 2851 101
587 2796 619 2849 ad
636 2797 715 2864 lguat.
735 2793 774 2847 Gt.
792 2796 810 2848 l.
829 2814 852 2848 c.
872 2795 949 2849 1058.

300 2962 303 2969 y
333 2905 358 2968 ²)
378 2903 463 2968 Quare
482 2903 587 2956 multum
606 2910 700 2967 errant,
721 2904 763 2972 qui
782 2902 977 2954 constitutiones
996 2903 1071 2970 hujus
1091 2904 1157 2956 sicut
1175 2903 1333 2972 sequentium
1347 2903 1437 2954 Ponti·

297 2991 373 3042 ficum
392 2990 454 3041 nulli
473 2991 515 3042 alii
534 2993 660 3043 autoritati
678 2993 727 3044 nisi
746 2990 911 3043 decretalium
929 2990 1244 3045 Pseudo-Isidorianarum
1262 2992 1381 3044 tribuunt.
1401 2991 1438 3044 lta

298 3078 401 3147 quidem
419 3079 474 3130 lere
493 3094 582 3131 omnes
597 3079 626 3131 ll.
638 3072 668 3131 E.
688 3082 828 3147 scriptores
848 3079 903 3131 sedi
922 3080 1079 3147 apostolicae
1097 3080 1183 3128 inlosti
1202 3088 1320 3130 asserunt
1340 3096 1379 3131 ex.
1397 3095 1436 3148 gr.

298 3166 439 3222 Schrdoldr.
457 3165 558 3237 „dpripi
576 3165 764 3239 ilitaipengeirpf‘
781 3167 855 3219 llllll.
875 3184 900 3235 p.
920 3168 979 3221 152.
999 3165 1115 3219 Gieseler
1132 3160 1263 3225 „ieiunium
1284 3164 1326 3217 itt
1343 3165 1374 3219 Ω.
1385 3166 1437 3222 W

297 3256 338 3309 ed.
357 3256 409 3311 3tia
428 3257 458 3323 ll,
477 3259 501 3312 l.
521 3274 546 3327 p.
566 3258 617 3314 166
635 3275 675 3328 sq.
702 3257 823 3310 Neander
841 3255 917 3322 „clip
936 3253 1017 3315 (delti-
1042 3254 1083 3303 δεῖ
1106 3245 1190 3312 (lilii
1209 3246 1284 3302 Μ’
1306 3251 1347 3301 ed.
1367 3254 1436 3308 1836

295 3344 372 3414 1v‚p.
384 3345 443 3400 165.
463 3346 519 3398 Etsi
537 3347 664 3399 hocloco
683 3346 866 3412 quaestionem,
884 3354 944 3389 num
963 3337 1065 3388 omnino
1083 3332 1204 3385 Nicolaus
1223 3351 1268 3386 eas
1288 3337 1434 3395 decretales

295 3434 397 3484 noverit
413 3434 616 3498 usurpaveritve,
633 3430 735 3497 longius
760 3427 901 3492 disquirere
924 3422 998 3486 nolo,
1025 3431 1121 3473 tantum
1143 3429 1228 3474 tamen
1253 3436 1361 3490 constat
1384 3442 1431 3490 pro

295 3522 440 3588 praeceptis
455 3527 481 3569 et
494 3519 612 3569 institutis
626 3517 679 3568 suis
695 3513 763 3563 illum
779 3527 812 3562 ne
831 3510 911 3563 verbo
922 3509 1024 3579 quidem
1034 3511 1105 3563 exiis
1115 3512 1270 3580 praesidium
1282 3510 1429 3591 sumpsisse,

296 3607 343 3658 sed
362 3606 522 3658 solummodo
542 3621 574 3655 ex
592 3599 729 3656 universali
749 3598 822 3653 Sedis
840 3599 971 3650 Romanae
989 3601 1130 3653 autoritate.

308 3700 310 3703 ¹
330 3713 353 3780 ³)
373 3711 434 3764 'lale
454 3709 514 3778 quid
532 3717 603 3760 certe
622 3721 720 3768 omnes,
739 3721 804 3773 quos
823 3704 899 3757 modo
919 3706 978 3772 dixi,
997 3707 1137 3776 scriptores
1155 3709 1281 3759 insinuant
1299 3701 1429 3768 (cietiam

295 3801 384 3854 llenlre
403 3798 485 3865 „atttp
504 3795 586 3859 oeta.
606 3796 649 3849 ber
666 3789 751 3860 siritii.
770 3793 815 3849 ss
834 3795 875 3847 ed.
895 3795 939 3850 4ta
956 3796 987 3862 ll,
1005 3813 1030 3864 p.
1049 3796 1092 3850 46.
1111 3795 1239 3848 Eichlom
1257 3790 1333 3849 Mi.
1347 3786 1429 3856 ssd).

295 3889 342 3941 Vel
359 3887 503 3949 Planeldus‚
530 3885 572 3952 qui
598 3883 630 3935 de
652 3891 705 3934 tota
728 3881 777 3935 lrac
799 3900 827 3936 re
851 3887 958 3955 sequius
972 3885 1081 3951 judicat,
1107 3885 1157 3935 hoc
1180 3892 1263 3936 tamen
1282 3880 1429 3951 principium

296 3975 434 4032 allicolac
456 3975 551 4025 rrovunl
576 3982 602 4025 et
619 3974 725 4041 primum
748 3974 877 4027 inductum
900 3992 960 4027 esse
984 3974 1050 4038 vult,
1078 3971 1146 4040 quod
1170 3986 1259 4024 omnes
1282 3968 1427 4024 Pontificum

295 4069 466 4119 Romanorum
489 4063 632 4116 decretales
656 4079 703 4131 per
727 4079 755 4114 se
779 4064 915 4116 universali
939 4062 1066 4113 ecclesiae
1087 4059 1255 4128 obligatorias
1273 4062 1360 4109 essent
1386 4051 1427 4117 (cl.

296 4150 378 4218 seta·
397 4150 439 4206 aa
458 4149 542 4219 dritt.
560 4151 638 4220 strat.
657 4150 899 4219 ostentaearaap.
922 4151 962 4212 ιιι,
982 4147 1153 4211 136-141).
1193 4147 1231 4198 aa
1255 4158 1303 4210 qua
1326 4156 1355 4193 re
1374 4140 1428 4209 quaa

294 4240 396 4311 longior
414 4241 556 4312 disquisitio
575 4244 730 4307 necessaria,
752 4241 811 4293 vide
830 4237 972 4306 Appendic.
992 4236 1009 4287 l.
