3084 4838
658 304 708 379 11

110 516 305 608 improbavit,
339 515 368 579 si
397 513 466 596 quis
496 511 643 594 deinceps
677 515 709 578 te
744 514 894 599 conjugio
929 513 1023 580 duas
1037 531 1168 595 sorores
1199 523 1253 585 aut

110 627 182 688 viee
206 641 298 686 versa
321 620 489 683 habuisset.
498 616 519 699 ¹)

220 729 258 789 Ut
286 733 387 789 autem
417 744 521 788 terum
551 730 711 805 ratumque
741 723 967 786 matrimonium
995 731 1092 804 esset,
1123 728 1252 808 primum

110 834 389 921 necessariumque
429 837 567 893 mutuum
609 833 777 913 conjugum
818 847 1005 913 eonsensum
1042 830 1252 919 declararunt)
1346 852 1352 873 a

111 938 236 1002 Deinde
259 938 349 1000 etiam
374 942 489 998 eertam
514 935 642 998 formam
667 935 910 998 eeclesiasticam
934 934 1126 1000 observatam
1149 938 1255 1020 voluit,

113 1062 160 1106 se.
196 1051 229 1106 ut
261 1044 392 1104 iniretur
428 1058 550 1119 „eoram
585 1040 716 1103 testibus
750 1041 920 1103 seeundum
954 1041 1057 1123 legem
1092 1049 1123 1105 et
1150 1045 1253 1124 ritum,

114 1167 176 1230 que
204 1151 328 1229 nuptiae
358 1144 509 1208 celebrari
539 1144 687 1219 solerent,
723 1153 754 1205 et
782 1142 901 1226 publica
930 1146 1253 1235 manifestatione;“³)

111 1253 173 1317 hoo
203 1253 240 1316 ad
269 1253 404 1314 valorem
439 1251 623 1313 matrimonii
659 1251 871 1317 necessarium
906 1269 979 1313 esse
1015 1252 1098 1316 dicit.
1144 1255 1255 1318 Cetera

110 1359 274 1443 sottemuia
309 1358 340 1419 in
375 1356 519 1419 ineundis
548 1356 749 1419 matrimoniis
782 1357 866 1418 varia
895 1374 968 1418 esse
997 1375 1108 1438 posse,
1147 1367 1254 1442 aperte

112 1465 273 1531 concessit
295 1470 327 1526 et
350 1462 488 1526 Graecos
517 1461 574 1523 hae
603 1464 634 1524 iu
657 1481 692 1524 re
715 1462 805 1525 nimis
833 1463 998 1545 rigorosos
1020 1463 1254 1548 reprehendit.⁴)

112 1570 260 1637 Similiter
294 1575 325 1630 et
358 1562 508 1628 humanos
548 1585 689 1647 quosquo
724 1576 904 1647 respectus,
945 1569 998 1649 qui
1038 1587 1254 1652 nonnunquam

113 1673 306 1737 matrimonia
335 1671 457 1734 turbant
491 1679 562 1747 (ex.
586 1691 633 1754 gr.
664 1672 805 1734 natalium
835 1673 1110 1755 inaequalitatem),
1146 1694 1255 1741 eorum

114 1778 249 1861 ¹aratorem
285 1795 347 1839 non
381 1777 562 1839 rescindere
597 1773 731 1860 edixit.⁵)
784 1778 839 1840 Vei
875 1796 1062 1841 eonsensum
1097 1790 1257 1861 parentum

113 1891 166 1949 aut
189 1890 334 1961 tutorum,
369 1885 436 1945 siue
467 1901 528 1964 quo
558 1882 728 1945 seeundum
755 1885 809 1965 jus
834 1883 1001 1947 Romanum
1032 1889 1255 1955 matrimonium

113 1989 277 2071 invalidum
304 1997 369 2051 erat
393 1990 448 2065 (ir.
467 1991 497 2052 2.
514 1989 551 2051 Ι).
568 1988 678 2067 xxttt,
702 1990 733 2066 2,
747 1991 842 2069 priua.
865 1990 894 2052 d.
918 1991 941 2071 l,
958 1990 1026 2070 10),
1052 1989 1152 2053 solum
1175 1993 1256 2069 iuter

114 2095 274 2175 soliemuia
297 2094 377 2157 haud
401 2095 579 2157 necessaria
603 2090 745 2173 posuit.⁶)

220 2199 439 2280 impedimenta
475 2200 647 2264 dirimentia
682 2200 867 2262 matrimonii
902 2181 964 2260 non
996 2199 1056 2262 nisi
1089 2201 1256 2282 antiquitus

39 2382 46 2389 ἱ
113 2305 222 2371 tradita
246 2305 347 2367 habet.
394 2305 563 2385 inquibus
594 2304 633 2365 de
661 2305 808 2386 gradibus
832 2305 1108 2387 consanguinitatis
1133 2307 1256 2387 quidem

115 2418 232 2472 eertum
257 2411 330 2490 quid
352 2416 489 2474 statuere
512 2405 666 2495 renuit3⁷t
694 2410 752 2497 sed
783 2410 905 2474 videtur
933 2429 990 2474 ees
1019 2428 1118 2491 nsque
1142 2411 1180 2474 ad
1203 2411 1256 2477 vtt

115 2620 265 2689 Gregorium
292 2620 303 2671 i
332 2622 446 2688 sequitur
483 2618 528 2684 (ei.
557 2619 575 2672 i.
603 2635 627 2672 c.
653 2618 744 2685 1149).
778 2618 829 2670 Sed
852 2617 994 2668 mundanae
1021 2616 1095 2685 leges
1119 2619 1195 2671 etiam
1222 2619 1256 2689 ibi

114 2709 299 2761 dissenserunt.
336 2706 490 2773 Cupituiaria
518 2708 618 2777 quidem
648 2707 735 2757 itidem
763 2708 818 2758 sino
850 2720 978 2756 consensu
1007 2705 1110 2758 alterius
1140 2707 1257 2777 conjugis

114 2796 248 2864 conjugem
267 2796 414 2865 religiosam
432 2798 509 2849 vitam
527 2796 640 2861 profiteri
659 2794 779 2846 vetabant
802 2793 876 2860 (Cap.
894 2793 1009 2847 Vermer.
1029 2810 1053 2847 u.
1070 2792 1097 2857 4,
1116 2793 1258 2860 Compend.

113 2900 140 2935 ιι.
157 2884 199 2948 5);
218 2884 264 2934 sed
282 2902 343 2935 num
359 2885 399 2935 nir
416 2901 511 2936 novum
530 2883 676 2951 conjuginm
695 2884 758 2933 inire
769 2892 865 2947 posset,
885 2881 1077 2949 discrepabant:
1097 2879 1257 2948 Cap.Verrn.

113 2986 140 3023 u.
162 2970 195 3023 21
223 2970 248 3021 id
273 2979 350 3034 vetat,
373 2969 515 3036 Compend.
537 2988 563 3024 n.
589 2972 622 3023 16
648 2979 732 3022 autern
755 2970 833 3035 (sicut
852 2969 1009 3021 Justirrianus
1032 2984 1055 3019 e.
1078 2968 1121 3034 53,
1144 2971 1173 3034 §-
1190 2969 1208 3023 3
1226 2969 1255 3024 G.

111 3058 178 3124 L3)
197 3058 325 3123 permittit.
430 3087 434 3095 .

149 3148 170 3213 ¹)
190 3161 231 3215 ep.
249 3145 285 3198 82
303 3146 336 3197 ad
354 3145 459 3199 Arduic.
477 3145 583 3198 Vesont.
602 3162 626 3198 e.
645 3146 670 3198 1.

61 3296 65 3303 ἢ
149 3237 171 3300 ²)
195 3249 263 3301 resp.
287 3233 318 3286 ad
343 3234 460 3286 consulta
482 3233 556 3300 Buig.
582 3250 606 3285 e.
629 3233 646 3283 3
670 3232 779 3296 „sufficit
802 3230 941 3281 seeundum
966 3232 1038 3297 leges
1062 3230 1144 3281 sotum
1168 3248 1255 3284 eorum

116 3337 266 3385 censensus,
291 3323 323 3373 de
347 3337 453 3391 quorum
477 3319 699 3385 conjunctionibus
723 3320 813 3386 agitur.
848 3316 897 3382 Qui
921 3333 1063 3369 consensus
1092 3318 1113 3368 si
1137 3317 1207 3369 solus
1231 3302 1259 3370 in

114 3409 207 3474 nuptiis
225 3408 291 3460 iente
310 3411 426 3474 desuerit,
445 3418 532 3461 cetera
550 3410 632 3460 onmia
653 3410 728 3460 etiam
748 3423 804 3458 cum
824 3407 893 3458 coitu
913 3404 1043 3458 celebrata
1061 3405 1238 3462 frustrantur.“

149 3499 171 3564 3)
190 3512 232 3562 ep.
252 3497 303 3551 157
323 3499 540 3550 commonitorium
560 3496 709 3565 adlegatos
731 3512 778 3563 pro
797 3511 876 3546 causa
894 3492 1079 3563 Theutbergae.

149 3587 171 3653 ⁴)
190 3600 260 3651 resp.
279 3584 311 3636 ad
331 3584 445 3637 censuim
458 3586 532 3653 Buig.
550 3603 574 3638 e.
592 3584 610 3639 3
627 3593 777 3650 „peccatum
796 3591 878 3635 autem
898 3599 966 3647 esse,
991 3583 1012 3634 si
1032 3581 1097 3634 haee
1121 3590 1212 3636 cuneta
1230 3584 1256 3637 in

115 3673 218 3739 nuptiali
236 3674 344 3725 foedere
362 3687 414 3723 uon
432 3674 609 3738 interveniant,
630 3659 818 3736 nonfdicimua,
840 3670 1053 3741 quemadmodum
1072 3669 1186 3725 Graecos
1208 3688 1256 3741 vus

116 3768 227 3813 annuere
246 3762 338 3826 dicitu,
357 3761 507 3827 pramertim
526 3768 602 3830 quum
621 3770 688 3813 tanta
707 3760 790 3813 soleat
808 3757 932 3827 quosdam
952 3759 1257 3824 conterminorum,

117 3854 144 3898 ut
162 3847 274 3901 adhaec
293 3849 468 3916 praeparanda
486 3848 581 3903 nullum
599 3848 638 3900 iris
659 3848 812 3915 suffragetur
831 3844 957 3900 auxilium.

151 3935 173 4000 ⁵)
193 3949 235 3999 ep.
253 3936 303 3990 159
322 3939 355 3989 ad
373 3936 459 3992 Caroi.
478 3936 551 3991 Cain.
569 3936 615 4001 (tt.
632 3934 683 3990 col.
703 3934 793 4001 1182).

150 4022 172 4089 ⁸)
191 4037 261 4088 resp.
280 4024 312 4074 ad
330 4020 581 4094 contutanda-'e
599 4023 625 4078 3.

150 4112 171 4178 7)
191 4125 234 4179 ep.
252 4110 287 4163 26
306 4111 337 4162 ad
357 4109 723 4185 Caret.arei1iepp.tttoguut.
748 4111 792 4178 (di.
810 4109 862 4167 eei.
879 4109 943 4176 810)
969 4111 1126 4175 „statuimun
1148 4116 1176 4163 ut
1193 4109 1256 4162 uuili

115 4200 190 4252 liceat
207 4199 350 4253 Christiano
370 4198 402 4251 de
420 4202 522 4267 propria
540 4203 761 4273 consanguinitate
778 4200 833 4254 sive
847 4199 1001 4268 cognatione
1012 4213 1117 4253 uxorem
1128 4199 1256 4266 accipere,
