3084 4838
833 351 885 425 20

289 565 388 628 omnia
422 558 618 639 vindicarent,
659 559 715 622 scd
753 567 860 624 essent
891 561 922 622 iu
956 559 1083 642 singulis
1118 561 1283 642 provinciis
1314 565 1440 649 singuli,

288 688 415 755 quorum
457 668 537 731 inter
576 665 687 729 iratres
729 665 893 730 baberetur
932 667 1028 749 prima
1060 667 1229 749 sententia,
1268 673 1300 732 et
1330 689 1443 737 rursus

289 770 409 859 quidam
431 775 462 836 in
485 773 648 856 majoribus
670 771 796 836 urbibus
819 773 970 836 constituti
992 771 1224 835 sollicimdinem
1247 776 1312 858 eJus
1333 779 1442 841 susci-

290 890 399 965 perent
426 879 612 960 ampliorem,
647 896 703 959 per
731 897 807 961 quos
834 879 874 940 ad
901 897 991 942 uuam
1014 878 1095 940 Petri
1121 877 1231 941 sedem
1258 882 1443 950 universalis

290 987 442 1052 ccclesiae
470 1002 544 1047 cura
571 982 740 1047 conflueret
769 992 801 1047 et
828 984 902 1046 nihil
929 1002 1060 1067 uuquam
1087 1002 1105 1046 a
1132 1002 1189 1048 suo
1218 988 1318 1069 capite
1345 988 1442 1052 dissi-

289 1093 411 1157 deret.“
435 1126 476 1138 —
500 1091 532 1156 si
555 1089 685 1171 denique
708 1090 827 1173 singula
850 1089 998 1172 ejusmodi
1020 1087 1119 1153 cilicia
1142 1093 1325 1174 quaerimus,
1359 1114 1441 1177 quiae

226 1184 231 1191 ¹
288 1200 339 1264 ille
362 1196 434 1265 Sedi
455 1195 583 1277 Aplicae
605 1196 815 1275 vindicaverit,
838 1194 906 1258 lere
928 1195 1005 1258 baec
1027 1202 1106 1259 sunt.

1526 1284 1527 1311 l

395 1337 525 1400 Primum
552 1354 648 1399 novas
662 1337 870 1411 ,instimtiones
893 1345 944 1401 aut
965 1336 1230 1401 transmutationes
1253 1337 1440 1404 dioecesium
1526 1316 1528 1367 ³*

293 1446 331 1510 ab
347 1443 562 1526 approbatione
579 1444 610 1507 S.
622 1442 662 1505 Α.
674 1442 811 1524 pendere
822 1443 924 1505 voluit.
949 1438 1110 1523 „Ecclesia
1121 1442 1210 1523 nulla,
1234 1461 1304 1506 cum
1319 1444 1442 1511 Gelasio
1527 1472 1528 1481 ¹

289 1549 495 1634 proclamavit,
513 1544 539 1621 ¹)
574 1547 640 1610 siue
668 1548 700 1613 S.
723 1546 763 1612 A.
785 1550 958 1612 instituetur
984 1554 1068 1629 nubi,
1103 1547 1223 1630 mraudo
1241 1549 1329 1631 Juxta
1351 1568 1440 1614 sacra

290 1657 415 1720 decreta
458 1670 517 1715 nec
554 1652 620 1735 ipsa
657 1652 752 1716 debet
781 1655 898 1737 absque
930 1654 1148 1740 praeceptione
1181 1655 1282 1737 Papae
1314 1656 1442 1721 basilica
1527 1684 1528 1695 ¹

290 1762 412 1825 noviter
439 1759 606 1822 construi.“
651 1759 824 1824 Secundum
846 1760 925 1822 hanc
947 1759 1096 1842 regulam,
1119 1768 1154 1823 ut
1176 1762 1315 1842 exempla
1338 1781 1440 1844 quae-
1526 1798 1528 1831 n

291 1866 359 1930 dam
398 1863 568 1947 proteram,
613 1864 835 1947 llamburgensi
873 1866 1009 1929 dioecesi
1047 1866 1245 1929 Bremeusem
1283 1870 1440 1948 conjunxit
1525 1856 1526 1887 ³

292 1974 382 2054 eique
416 1967 629 2034 sustentandae
662 1973 878 2035 monasterium
904 1971 1064 2035 Ramesloa
1093 1971 1241 2035 dioecesis
1268 1971 1435 2037 verdensis

290 2076 467 2160 assignavit,
495 2076 632 2137 similiter
655 2076 805 2140 ecclesiae
827 2078 1037 2141 Bellovacensi
1059 2078 1242 2141 monasteria
1265 2078 1439 2142 Oratoriurn
1528 2080 1530 2111 ¹

291 2193 325 2248 et
344 2182 515 2246 llaviacum
537 2179 702 2244 secundum
726 2183 826 2245 Caroli
842 2183 925 2245 Calvi
948 2183 1175 2264 dispositionem
1198 2184 1395 2248 confirmavit.
1409 2182 1439 2260 2)

294 2326 335 2338 -
363 2287 482 2351 Deinde
510 2302 567 2367 pro
590 2288 663 2367 jure
691 2306 747 2352 suo
769 2289 924 2351 Pontificio
945 2287 1118 2369 vindicavit,
1154 2290 1314 2371 episcopos
1344 2309 1440 2373 prae·
1530 2268 1532 2325 Ῐ

290 2395 394 2478 primis
421 2391 678 2473 ¹metropolitanos
718 2394 909 2477 vicariosque
948 2391 1172 2475 apostolicos.³)
1206 2395 1327 2460 noviter
1361 2415 1440 2460 cou-
1530 2478 1531 2487 ἵ

289 2604 501 2619 m

399 2723 420 2793 ¹)
439 2726 513 2795 lrgm.
532 2741 573 2792 ep.
592 2724 625 2776 ad
642 2726 719 2780 elect.
738 2732 764 2778 et
782 2725 844 2779 cler.
862 2726 976 2781 Nocens.
995 2726 1023 2795 (1.
1042 2744 1065 2780 c.
1084 2725 1172 2793 1130),
1190 2743 1231 2794 ep.
1242 2725 1280 2779 82
1291 2723 1438 2778 adurente.
1528 2728 1530 2787 j

286 2814 397 2868 ‘Besont
423 2813 451 2879 (l.
471 2828 494 2864 c.
514 2812 586 2880 920).
623 2814 657 2867 ci.
676 2812 761 2866 Gelas.
779 2830 820 2882 ep.
840 2815 858 2870 5
876 2816 908 2867 ad
927 2832 1009 2885 eppos
1027 2815 1152 2868 Lucaniae
1170 2828 1193 2865 c.
1210 2812 1229 2867 4
1247 2820 1273 2865 et
1290 2813 1327 2868 25
1349 2812 1442 2887 (llard.

291 2903 322 2958 11.
340 2902 402 2968 899,
425 2900 498 2968 904).
536 2899 655 2954 Ceterum
683 2902 748 2955 baec
776 2906 927 2971 praeceptio
956 2920 971 2955 a
999 2902 1074 2956 dictis
1095 2902 1260 2955 Pontificibus
1285 2902 1370 2955 solum
1392 2916 1442 2972 pro

288 2992 424 3059 primatiae
441 2992 572 3042 Romanae
591 2990 707 3043 districtu
729 2990 898 3058 („prorinciis
917 2991 1107 3055 suburbicariis,
1135 2992 1169 3045 cl.
1187 2990 1309 3044 Biuterim
1327 2989 1443 3046 mantnt.
1524 2982 1525 3001 ¹

290 3078 312 3142 l,
330 3077 356 3141 2,
380 3076 442 3141 492,
459 3074 567 3128 Wiltscb
591 3078 675 3144 „ott
698 3080 723 3133 b.
741 3077 818 3143 limbi.
835 3077 930 3149 (brom.
948 3080 999 3134 unt
1018 3078 1137 3146 &utilis
1154 3081 1173 3132 l.
1192 3097 1217 3147 p.
1236 3078 1351 3143 75-87)
1373 3090 1439 3142 pro·
1524 3122 1527 3165 t

290 3165 351 3231 lata,
368 3162 489 3218 Nicotaus
513 3180 570 3216 eam
593 3166 626 3217 ad
644 3166 814 3221 universalem
833 3167 970 3221 ecclesiam
988 3167 1110 3232 extendit,
1136 3166 1163 3219 id
1181 3166 1249 3236 quod
1265 3172 1351 3217 tamen
1369 3178 1441 3215 nun-
1527 3184 1528 3199 2

292 3270 368 3324 quam
386 3253 483 3323 publici
495 3252 566 3319 juris
581 3255 675 3307 iactum
696 3263 744 3310 est.
1047 3246 1050 3251 ’

394 3374 419 3443 ²)
438 3377 470 3429 ci.
490 3393 531 3443 cp.
550 3377 586 3432 82
604 3377 632 3444 (1.
651 3395 674 3430 c.
693 3379 766 3447 877),
784 3396 826 3448 ep.
845 3379 882 3433 28
900 3378 927 3446 (1.
947 3396 970 3434 c.
988 3378 1060 3447 814).

398 3478 476 3549 ³)1ta
493 3480 645 3549 nugariam
670 3483 891 3552 archiepiscopum
909 3484 1141 3553 Nordulbingoruna
1160 3493 1187 3537 et
1203 3485 1316 3552 legatum
1334 3481 1448 3549 aplicum

284 3572 318 3623 «iu
336 3568 387 3621 illis
404 3567 554 3638 regionibus
572 3572 703 3623 constituit
720 3573 753 3624 cl.
772 3589 813 3641 ep.
832 3574 866 3627 61
885 3590 910 3625 u.
928 3573 947 3627 4
964 3574 992 3640 (l.
1011 3589 1034 3624 c.
1053 3571 1127 3639 874),
1146 3590 1188 3640 up.
1206 3573 1242 3626 62
1259 3571 1301 3620 cit.
1313 3568 1449 3622 Britannis

293 3664 376 3710 autem
401 3672 496 3710 novum
513 3657 735 3726 metropolitanum
753 3660 816 3713 dare
833 3663 918 3715 renuit
941 3662 974 3715 cs.
993 3678 1034 3729 ep.
1054 3660 1097 3725 25,
1114 3660 1159 3724 85,
1178 3654 1328 3713 91-921.
1347 3672 1372 3708 c.
1391 3656 1449 3712 969

290 3763 328 3805 σε.
348 3773 382 3786 -
401 3745 521 3800 Ceterum
545 3746 628 3799 simile
651 3746 713 3818 quid
729 3749 879 3818 patriurchis
897 3749 1014 3815 ampibus
1032 3749 1059 3800 in
1077 3747 1131 3801 suis
1150 3743 1314 3797 dioecesibus
1334 3760 1449 3812 compe-

291 3833 371 3889 tebat.
392 3834 475 3887 Nicol.
492 3851 563 3903 resp.
581 3835 614 3887 ad
632 3852 706 3890 cons.
724 3836 827 3907 Balgar.
847 3853 870 3889 c.
889 3836 923 3891 73
942 3838 985 3904 „iu
1004 3837 1073 3900 loco,
1091 3834 1134 3886 ubi
1152 3846 1282 3900 uunquam
1300 3831 1451 3900 patriarcba

292 3921 335 3973 vel
358 3921 512 3991 archieppus
534 3931 577 3974 est
599 3926 760 3989 constitutus,
787 3942 801 3978 a
827 3925 918 3991 majori
941 3933 983 3981 ast
999 3925 1114 3993 primitus
1131 3921 1343 3985 instituendus;“
1371 3934 1449 3975 conc.

293 4006 370 4078 thlt.
387 4007 422 4063 tv
440 4025 463 4061 a.
480 4010 534 4064 870
552 4027 576 4062 c.
595 4011 629 4069 17
649 4010 737 4076 (llard.
750 4012 779 4065 tt.
793 4013 871 4079 906)2
889 4012 1040 4081 „praesules
1051 4010 1151 4064 sedium
1164 4007 1374 4078 patriarchalium
1386 4010 1450 4063 uui-

281 4112 426 4151 ‹vcrsormu
449 4098 711 4166 metropolitanorum,
739 4101 781 4170 qui
805 4100 836 4152 ab
859 4100 922 4168 ipsis
946 4106 1131 4168 promoventur
1154 4106 1181 4151 et
1204 4098 1261 4153 sive
1282 4111 1332 4164 per
1355 4113 1450 4153 manus

291 4184 479 4254 impositionem
504 4187 559 4240 sive
577 4203 625 4255 per
642 4186 712 4257 pallii
730 4189 859 4241 dationem
878 4187 978 4255 eppalis
997 4187 1125 4258 diguitatis
1145 4186 1289 4245 firmitatem
1308 4185 1451 4254 accipiunt,

292 4270 403 4327 babeant
419 4279 573 4344 potestatem
591 4276 660 4329 etc.“
696 4275 732 4333 ci,
750 4284 809 4331 etm.
827 4275 948 4330 Biuterim
966 4273 1120 4342 „berthold
1137 4273 1180 4341 111,
1199 4273 1214 4329 1
1233 4271 1272 4329 Q
1291 4271 1355 4329 200.
