3084 4838
645 363 694 434 itt

202 577 240 638 i).
275 570 407 642 'Circa
428 562 794 634 administrationem
823 571 1135 636 ecelesiasticam.

202 699 270 761 lam
294 713 385 776 supra
405 692 543 774 vidimus,
568 695 717 777 quomodo
732 695 873 758 Nicolaus
894 694 1059 777 secundum
1073 697 1243 781 exemplum

3 866 4 893 ἶ
91 784 244 887 'majorum
275 819 395 865 suorum
419 800 490 867 sedi
513 799 706 882 Apostolicae
736 801 937 882 „universalis
966 801 1117 864 ecclesiae
1140 819 1243 864 curam

96 918 129 971 et
160 904 411 970 sollicitudinem‘
447 926 488 969 ex
522 890 621 968 divina
655 907 838 971 institutione
871 908 1048 971 asseruerit.
1099 908 1147 969 Ex
1183 924 1243 987 quo

91 994 163 1095 ipso
187 1029 299 1075 summa
322 1012 584 1075 administrationis
608 1013 832 1075 ecclesiasticae
855 1014 978 1094 pendet.
1026 1011 1144 1092 „Sedes
1166 1012 1244 1074 haec

91 1124 200 1183 'sancta
223 1126 254 1181 et
276 1119 450 1198 praecipua,
474 1117 542 1179 loco
561 1116 624 1198 jam
647 1124 735 1178 antea
757 1118 875 1181 laudato
899 1120 1038 1199 explicat,
1063 1120 1112 1180 cui
1134 1119 1243 1180 Domi·
1294 1177 1299 1187 ,

3 1198 5 1219 Ῠ
98 1226 158 1286 uici
181 1225 288 1306 gregis
313 1230 361 1284 est
383 1220 551 1285 sollicitudo
575 1240 707 1302 curaque
732 1224 900 1302 commissa,
929 1225 959 1285 in
983 1225 1119 1287 omnibus
1142 1223 1245 1286 mundi

3 1400 4 1411 χ
91 1331 229 1410 partibus
263 1327 453 1391 reatitudinis
484 1345 560 1391 suae
594 1327 788 1409 dispositione
821 1330 934 1393 salubri
964 1324 1075 1392 cuncta
1103 1329 1243 1392 ordinare

90 1433 308 1515 perficereque
343 1432 443 1496 divino
477 1432 555 1494 freta
589 1443 731 1514 procurat
763 1435 911 1499 auxili0.“
956 1436 1014 1498 Pro
1043 1434 1243 1497 describendo

95 1547 197 1607 autem
221 1539 311 1623 hujus
334 1556 427 1601 curae
450 1537 639 1603 hierarchice
657 1540 763 1603 ordine
778 1541 887 1605 Leonis
899 1541 941 1604 M.
958 1541 1053 1605 verba
1070 1539 1199 1619 adducit,
1218 1538 1244 1619 ¹)

3 1702 4 1707 ,
93 1662 175 1727 quae
198 1662 274 1707 vere
297 1662 363 1707 rem
387 1651 479 1709 totam
502 1644 612 1724 optime
636 1646 792 1708 exhibent
839 1647 1060 1723 „Etiaminter
1082 1645 1243 1726 apostolos,

92 1752 149 1829 ait,
183 1749 431 1815 insimilitudine
453 1749 576 1813 honoris
598 1750 823 1832 luitquaedam
847 1749 990 1814 discretio
1013 1753 1178 1833 potestatis⁷
1214 1760 1245 1814 et

96 1872 189 1936 quum
212 1857 343 1919 omnium
366 1874 421 1937 par
444 1862 527 1919 esset
547 1857 669 1936 electio,
693 1858 745 1923 uui
767 1865 866 1919 tamen
887 1854 987 1919 datum
1003 1863 1059 1936 est,
1083 1864 1116 1919 ut
1131 1857 1243 1922 ceteris

88 1961 331 2041 :praeemineret
387 1963 434 2027 De
475 1980 532 2043 qua
567 1962 663 2029 lorma
697 1965 908 2044 episcoporum
941 1981 1062 2044 quoque
1096 1971 1161 2025 orta
1197 1970 1244 2027 est

92 2065 246 2131 distinctio
283 2074 314 2131 et
344 2086 455 2149 magna
491 2067 684 2148 dispositione
712 2072 866 2150 provisum
894 2076 950 2147 est,
985 2086 1024 2131 ne
1054 2086 1159 2132 omnes
1186 2069 1243 2133 sibi

88 2273 146 2331 nec
170 2257 248 2309 multo
272 2266 331 2324 post
350 2260 467 2310 comitem
488 2260 660 2326 poenitentem
680 2261 802 2327 suscepit,
825 2261 866 2312 cui
884 2275 932 2327 pro
950 2261 1107 2326 poenitentia
1125 2260 1243 2329 peregri-

96 2347 223 2397 nationem
241 2345 479 2401 Jerosolomitauam
498 2347 612 2413 injunxit,
631 2350 655 2398 in
676 2366 725 2418 qua
744 2358 769 2400 et
788 2349 925 2401 0111ιέ1·-

87 2432 90 2437 “
184 2434 231 2484 'in
251 2428 300 2503 qua
320 2436 466 2486 narratione
486 2437 552 2488 sicut
570 2436 594 2487 in
613 2446 699 2489 nostra
719 2437 827 2503 epistola
846 2438 984 2504 episcopus
1000 2445 1089 2503 captus
1104 2444 1129 2487 et
1144 2435 1244 2487 demum

96 2524 144 2577 snb
164 2523 242 2574 certis
261 2522 449 2575 conditionibus
469 2524 595 2587 dimissus,
614 2523 681 2588 Papa
701 2526 842 2590 consultus,
866 2542 931 2592 quae
955 2523 1049 2588 injuste
1068 2533 1176 2588 extorta,
1199 2540 1245 2574 re-

97 2611 219 2663 scindens
252 2611 338 2679 illique
371 2610 555 2663 sceleratorum
590 2626 698 2675 poenam
727 2613 849 2664 mandans
878 2612 1012 2663 irruenitur.
1054 2609 1139 2672 Quare
1169 2627 1245 2677 quum

3 2732 5 2761 a
95 2717 191 2755 nomen
215 2715 317 2769 quoquc
336 2698 435 2751 Nicolai
452 2699 538 2767 Papae
561 2699 639 2765 idem,
667 2699 727 2771 nibil
747 2701 844 2766 dubito,
863 2701 933 2769 ·qain
951 2698 983 2749 ad
1001 2714 1057 2750 eam
1076 2697 1119 2749 illa
1137 2697 1245 2762 epistola

3 2784 4 2787 ¹
96 2788 233 2842 reserenda
250 2791 282 2839 sit
297 2788 364 2852 (nam
374 2787 524 2856 Thietgaudi
541 2805 633 2840 nomen
650 2806 664 2840 a
678 2788 797 2841 Gratiano
811 2805 863 2840 non
876 2794 1037 2857 memoratur
1046 2804 1095 2839 nec
1103 2785 1246 2837 Nicolausl

98 2875 200 2938 dicitur,
218 2873 265 2925 sed
283 2860 442 2925 solummodo
461 2878 608 2938 inscriptio:
628 2875 766 2939 „Nicolaus
782 2878 853 2940 Papa
872 2876 1002 2939 episcopis
1021 2873 1156 2939 Galliae‘).

87 3026 94 3038 ι
205 2959 322 3025 Denique
340 2960 415 3011 etiam
432 2961 556 3022 internae,
579 2976 642 3026 quas
661 2960 756 3023 dicunt,
780 2975 875 3012 causae
892 2959 952 3011 huic
975 2967 1078 3010 noemae
1102 2960 1242 3012 sententiae

86 3046 278 3114 ‚suffragantum
314 3042 444 3115 Nicotaus,
471 3054 498 3096 ut
521 3046 585 3096 inira
608 3047 635 3096 in
656 3046 725 3114 App.
747 3046 758 3097 1
782 3047 933 3110 videbimus,
959 3045 1245 3113 Pseudo-isidorianam

3 3146 4 3149 ’
85 3134 258 3195 Αιιιιιοτὶιιιιιεηι
281 3148 409 3201 nunquam
428 3132 491 3185 alias
510 3134 655 3187 nominatim
675 3135 818 3198 advocavit,
844 3136 907 3204 quin
925 3135 975 3189 tale
995 3134 1056 3203 quid
1074 3136 1121 3186 etsi
1139 3135 1245 3204 utilitate

97 3237 197 3275 summe
217 3222 340 3273 suadente
359 3237 460 3289 semper
478 3221 596 3283 ammisit,
616 3223 687 3290 quasi
707 3221 832 3286 ejusmodi
852 3222 968 3275 codicem
987 3237 1092 3287 prorsus
1105 3222 1242 3296 ignoraret.

97 3311 147 3363 liic
165 3310 242 3377 igitur
260 3309 349 3361 unicus
368 3309 442 3361 locus
462 3318 540 3377 esset,
568 3310 646 3379 idque
664 3310 733 3362 uuila
752 3312 853 3362 omnino
873 3327 951 3375 causa
969 3308 1111 3361 rationabili
1130 3320 1246 3377 urgente.

96 3399 150 3467 Ipsi
174 3397 258 3448 autem
285 3397 353 3448 idem
376 3397 497 3449 Nicotaus
527 3394 620 3449 eodem
642 3398 697 3451 iere
720 3408 836 3467 tempore
855 3412 930 3450 mere
959 3387 1131 3451 contradixit.''
1163 3398 1246 3461 Quum

87 3489 167 3539 euim
187 3485 237 3536 boc
255 3484 315 3536 loco
335 3486 458 3552 episcopo
471 3486 629 3554 'lhietgaudo
647 3487 769 3556 injungat,
788 3495 816 3539 ut
834 3487 975 3558 „spirituali
993 3486 1067 3539 simul
1086 3493 1112 3537 et
1125 3486 1249 3538 materiali

93 3575 185 3645 gladio
208 3573 334 3641 malignos
357 3573 415 3625 illos
439 3590 579 3642 eorumque
602 3576 715 3627 fautores
733 3578 911 3644 insequatur‚“
939 3577 1032 3628 Carolo
1051 3564 1245 3642 archiepiscopo

96 3664 246 3731 Mogontiaco
266 3678 289 3713 a.
307 3661 360 3716 868
379 3661 467 3713 scribit
484 3661 538 3728 (ep.
556 3660 590 3716 26
609 3663 650 3714 ed.
664 3664 748 3732 biigne
770 3664 787 3715 l.
806 3680 829 3714 c.
846 3663 925 3729 alb:
944 3670 1050 3726 „saneta
1068 3662 1115 3712 Dei
1135 3662 1248 3713 ecclesia

97 3751 212 3820 gladium
236 3766 288 3802 non
311 3749 389 3802 babet
412 3750 460 3800 nisi
485 3749 640 3816 spiritualem
665 3767 695 3802 ac
714 3751 834 3812 divinum,
860 3765 913 3802 non
932 3749 1027 3799 occidit
1044 3748 1090 3800 sed
1109 3748 1248 3802 vivificatf‘

97 3836 135 3892 lbi
154 3840 231 3908 igitur
248 3837 394 3889 Nicolausl
413 3837 477 3889 duos
496 3835 596 3905 gladios
616 3837 744 3890 ecclesiae
762 3838 913 3889 commissos
933 3835 1012 3887 libere
1029 3843 1115 3902 negat,
1133 3836 1160 3887 id
1178 3838 1247 3904 quod

87 3927 152 3979 'titio
176 3934 264 3994 aperte
287 3934 414 3977 assertum
431 3934 480 3977 est.
516 3923 665 3979 aereaere
684 3924 810 3990 ejusmodi
829 3925 944 3977 doctrina
963 3925 1028 3975 sicut
1045 3923 1112 3976 illius
1130 3932 1247 3991 tempore

96 4012 155 4067 iero
174 4017 271 4083 ignota,
289 4014 324 4063 ita
341 4015 491 4081 praeprimis
509 4014 569 4066 indo
589 4031 603 4065 a
621 4014 706 4067 medio
726 4013 832 4066 saeculo
844 4012 890 4065 ilc
902 4013 1066 4066 usitatissima
1084 4012 1140 4063 beri
1155 4018 1246 4080 coepta

100 4111 148 4155 est
186 4103 273 4167 Quare
291 4102 366 4152 θιίαιιι
385 4117 416 4152 ea
432 4118 466 4154 ex
479 4110 559 4170 *parm
574 4102 743 4171 epistolailla
761 4118 777 4154 a
794 4101 893 4154 Nicolai
910 4101 921 4152 1
940 4101 972 4153 ad
988 4099 1086 4153 Nicolai
1099 4099 1121 4152 11
1137 4106 1246 4153 selamin

98 4192 282 4248 manumittimr.
817 4178 819 4185 ¹

193 4276 332 4347 1¹)iuep.
352 4275 494 4344 iosap.
513 4292 536 4332 c,
555 4276 618 4343 900)
637 4278 770 4332 ci.beol
789 4294 830 4344 sp.
849 4277 1039 4332 stainans.
1098 4309 1104 4330 a

401 4382 405 4393 r
987 4366 1035 4426 2*
