3084 4838
691 286 870 376 '22

270 504 385 573 lullum
396 505 431 570 P.
454 505 496 570 ita
518 507 640 573 scribit:
663 507 741 589 ,boc
764 512 910 592 optimum
934 518 967 574 et
989 511 1076 577 valde
1099 505 1411 595 congruentissimum

271 629 347 677 csse
369 612 540 693 uidebitur,
570 616 597 678 si
620 615 659 678 ad
682 623 772 697 caput
795 617 814 678 i.
837 633 867 677 e.
890 614 928 676 ad
952 615 1034 678 Petri
1058 617 1218 699 apostolici
1241 616 1347 681 sedem
1371 618 1413 682 de

271 718 404 803 singulis
445 720 619 802 quibusque
658 720 824 799 provinciis
864 717 988 780 Domini
1031 721 1170 786 referant
1212 722 1413 787 sacerdotes“

272 820 379 909 (Hard.
402 825 425 901 l,
449 824 536 902 653).
583 822 662 895 Ouid
685 828 787 884 autern
811 820 1015 884 deserendum
1039 831 1136 903 esset,
1159 830 1268 906 partim
1291 807 1420 897 titianae

271 928 466 993 Pontificales
497 926 606 1007 partim
639 942 715 989 usus
749 925 981 991 ecclesiasticus
1010 925 1138 991 docent:
1176 938 1266 993 erant
1298 951 1413 1000 causae

272 1035 340 1099 sive
362 1031 490 1115 negotia
518 1049 598 1114 quae
627 1031 808 1095 dicebantur
830 1033 958 1115 majora,
992 1038 1044 1095 aut
1069 1032 1109 1095 ad
1130 1030 1221 1095 bdem
1245 1041 1278 1097 et
1300 1044 1413 1104 statum

274 1137 456 1204 universalis
479 1137 633 1202 ecclesiae
656 1138 837 1220 spectantia,
867 1144 919 1202 aut
949 1139 1074 1202 omnino
1098 1137 1188 1201 dubia
1211 1144 1243 1202 et
1265 1138 1411 1206 difficilis

275 1245 388 1310 Scribit
410 1244 534 1326 quippe,
556 1250 592 1307 nt
612 1244 712 1327 aliqua
735 1243 805 1326 ejus
827 1244 875 1307 rei
897 1245 1072 1308 testimonia
1095 1244 1231 1323 allerarn,
1253 1241 1411 1307 lnnocenss

272 1349 335 1414 tius
364 1349 377 1414 Ι
405 1348 445 1412 ad
472 1349 650 1414 victricium
687 1345 751 1434 (ep.
781 1349 819 1428 ll,
848 1367 876 1412 c.
905 1349 936 1414 3.
965 1367 1012 1432 ap.
1040 1350 1134 1414 llard.
1163 1351 1188 1430 l,
1219 1348 1331 1430 loom:
1365 1350 1411 1427 „si

274 1455 410 1539 majores
434 1472 547 1520 causae
577 1457 608 1519 in
636 1455 772 1518 mediam
801 1454 917 1521 luerint
945 1455 1123 1537 devolutae,
1156 1455 1194 1519 ad
1217 1455 1249 1520 S.
1272 1454 1309 1518 A.
1333 1455 1415 1518 sicat

276 1559 419 1643 synodus
446 1561 525 1642 (sec.
549 1555 769 1625 antecedentia
788 1577 833 1626 sc.
857 1559 1006 1648 Nicacna)
1035 1562 1140 1625 statuit
1167 1568 1199 1622 et
1219 1561 1309 1623 beata
1332 1577 1416 1622 con-

276 1665 412 1731 suetudo
436 1666 545 1749 exigit,
573 1673 645 1749 post
668 1666 820 1750 Judicium
849 1667 1025 1749 episcopale
1051 1663 1288 1752 referantur.“')
1331 1665 1417 1728 ldern

274 1788 404 1853 prorsus
426 1770 491 1834 Leo
514 1771 528 1835 l
551 1773 666 1854 pluries
687 1773 798 1835 litteris
821 1773 887 1835 suis
915 1772 1035 1854 profert
1070 1771 1110 1835 cl.
1134 1790 1185 1854 ep.
1209 1771 1235 1834 V
1258 1770 1296 1834 ud
1319 1787 1417 1852 eppos

274 1874 355 1957 lllpr.
378 1894 406 1940 c.
430 1872 491 1957 d,²)
526 1895 574 1959 ep.
599 1877 637 1939 Vl
659 1876 697 1939 ad
720 1877 828 1939 Anasi.
846 1876 984 1941 Thessal.
1007 1894 1035 1939 c.
1060 1879 1091 1957 5,
1120 1896 1171 1959 ep.
1188 1876 1243 1939 Xli
1261 1876 1299 1938 ad
1317 1892 1415 1957 eppos

275 1980 374 2047 Afric.
398 1981 517 2046 llaurit.
546 2001 574 2046 c.
599 1982 650 2062 13,
690 2001 740 2064 ep.
763 1982 833 2046 xlv
861 1982 899 2045 ad
926 1984 1069 2047 Anastas.
1099 1978 1317 2046 Thessalonio.
1339 1999 1367 2043 c.
1390 1981 1415 2061 l,

277 2085 309 2168 7,
334 2086 371 2150 ll
398 2087 462 2169 (ed.
486 2087 626 2150 ballerini
650 2087 729 2172 Opp.
753 2088 850 2153 Leon.
873 2095 893 2152 t.
917 2086 965 2174 l.).
1003 2088 1069 2151 Nec
1092 2086 1277 2151 abhorrebat
1298 2086 1336 2149 ab
1358 2085 1419 2148 hac

276 2191 457 2257 Pontificum
490 2193 697 2258 Romanorum
732 2196 884 2258 sententia
921 2194 1059 2277 reliquus
1097 2194 1182 2256 orbis
1221 2194 1418 2257 christianus.

277 2299 346 2363 lam
369 2318 450 2364 anno
474 2298 539 2364 379
562 2302 643 2364 enirn
669 2301 832 2364 Gratianus
855 2302 1031 2383 imperator,
1057 2305 1182 2382 petente
1205 2298 1327 2381 synodo
1350 2298 1419 2360 Ro-

278 2422 378 2484 mana,
423 2411 548 2487 praeter
588 2423 725 2468 canones
758 2406 960 2470 sardicenses
999 2405 1029 2467 id
1068 2405 1159 2468 etiarn
1193 2404 1306 2487 publici
1336 2404 1419 2487 juris

279 2508 409 2592 lecerat,
434 2517 469 2572 ut
490 2527 603 2592 „causa
625 2511 849 2593 metropolitani
872 2511 1052 2574 necessario
1075 2527 1200 2592 semper
1220 2510 1346 2573 Romam
1369 2508 1420 2572 vel

275 2600 318 2680 'ad
334 2633 402 2696 eos,
427 2634 506 2696 quos
521 2617 676 2679 Romanus
693 2619 859 2698 episcopus
870 2616 996 2699 Judices
1013 2615 1161 2694 dedisset,
1184 2609 1418 2696 deferretur.“³)

277 2720 363 2783 ldem
391 2727 577 2801 prosecutus
604 2720 835 2782 Valentinianus
864 2721 905 2781 lll
935 2737 962 2780 a.
990 2719 1055 2780 445
1085 2720 1203 2782 sanxit:
1247 2720 1333 2799 „Hoc
1361 2721 1419 2785 illis

280 2830 344 2903 (sc.
368 2825 524 2906 episcopis
549 2823 709 2888 Gallicanis
733 2830 765 2886 et
787 2823 911 2886 aliarum
935 2823 1179 2905 provinciarum)
1213 2826 1419 2908 omnibusque

279 2948 336 3013 pro
358 2931 432 3014 lege
454 2931 509 3010 sit,
541 2930 689 3013 quidquid
712 2930 815 2994 sanxit
837 2929 887 2992 vel
906 2930 1046 2993 sanxerit
1068 2929 1105 2992 Α.
1130 2929 1162 2995 S.
1191 2933 1348 3011 autoritas,
1377 2934 1419 2996 ita

278 3041 315 3100 ut
342 3036 482 3118 quisquis
511 3037 729 3118 episcoporum
757 3036 796 3099 ad
820 3035 972 3118 judicium
999 3035 1128 3098 Romani
1156 3037 1309 3100 Antistitis
1338 3028 1419 3101 exo-

279 3146 367 3205 catus
390 3142 498 3205 venire
521 3141 709 3227 neglexerit,
737 3159 796 3224 per
823 3142 1049 3206 moderatorem
1077 3141 1218 3224 ejusdem
1241 3144 1420 3224 provinciae

314 3424 337 3491 ¹)
354 3423 472 3476 Eundem
491 3438 554 3474 sane
572 3423 597 3472 in
615 3420 718 3472 modurn
738 3418 787 3486 (sc.
806 3419 839 3472 de
857 3418 996 3486 majoribus
1013 3427 1110 3473 tantum
1129 3423 1226 3491 causis)
1244 3420 1415 3490 accipiendum

278 3520 327 3575 est,
346 3510 416 3580 quod
432 3509 501 3561 idem
519 3525 561 3576 ep.
580 3507 616 3562 24
634 3508 666 3560 ad
685 3522 761 3563 conc.
779 3505 898 3577 carthag.
916 3509 1031 3577 scripsit:
1055 3516 1157 3577 „patres
1175 3527 1227 3563 non
1245 3511 1349 3563 bumana
1367 3501 1415 3555 sed

279 3600 365 3651 divina
387 3598 529 3649 decrevere
552 3596 687 3661 sententia,
710 3603 738 3648 ut
763 3596 885 3667 quidquid
909 3598 1023 3666 quamvis
1047 3598 1081 3649 de
1104 3598 1236 3664 disjunctis
1264 3591 1414 3646 circutatis

278 3685 418 3757 provinciis
442 3692 568 3754 ageretur,
591 3700 644 3737 non
672 3686 754 3757 prius·
772 3685 896 3737 ducerent
919 3685 1072 3752 finiendum,
1107 3687 1155 3738 uisi
1182 3685 1215 3735 ad
1242 3680 1315 3746 brajua
1344 3678 1415 3732 sedis

277 3775 391 3828 notitiam
408 3775 564 3843 perveniret,
590 3782 618 3826 ut
638 3782 692 3828 tota
709 3774 785 3843 hujus
803 3776 952 3827 auctoritate
967 3771 1038 3839 justa
1061 3790 1127 3844 quae
1149 3771 1224 3824 luerit
1244 3769 1416 3839 pronuntiatio
1518 3788 1519 3803 ι

279 3862 437 3917 firmaretur¹⁴
456 3862 548 3927 (Hard.
565 3862 584 3930 1,
603 3864 697 3929 1025).

315 3971 337 4039 ²)
356 3968 429 4039 ep.V
447 3968 497 4023 cd
514 3970 557 4036 „st
576 3987 641 4040 quae
659 3986 723 4024 vero
742 3971 978 4038 causaegraviores
996 3967 1037 4019 vel
1057 3963 1241 4033 appellationes
1260 3965 1418 4031 emerserint,

279 4077 326 4113 eas
343 4060 391 4114 sub
409 4059 489 4128 ipsius
508 4060 561 4123 (sc.
579 4059 668 4112 vicarii
686 4057 776 4125 aplici)
795 4057 919 4110 relatione
940 4058 973 4110 ad
990 4072 1038 4109 nos
1056 4054 1119 4106 mitti
1133 4053 1230 4110 debora
1249 4054 1418 4120 decrevimus,

278 4159 307 4204 ut
323 4159 411 4203 nostra
428 4148 568 4201 secundum
588 4147 791 4205 ecclesiasticum
809 4161 907 4198 morem
924 4146 1049 4199 renuntia
1067 4144 1209 4200 finiantur!

314 4239 341 4301 ³)
358 4238 477 4306 rescript.
496 4234 606 4291 Gratiani
625 4235 657 4289 ad
674 4233 759 4305 Aquil.
777 4236 829 4290 vic.
846 4234 901 4291 urb.
920 4233 1010 4302 (llard.
1026 4234 1046 4299 1,
1063 4232 1144 4300 843).
