<?xml version="1.0" encoding="UTF-8"?>
<!DOCTYPE html PUBLIC "-//W3C//DTD XHTML 1.0 Transitional//EN"
    "http://www.w3.org/TR/xhtml1/DTD/xhtml1-transitional.dtd">
<html xmlns="http://www.w3.org/1999/xhtml" xml:lang="en" lang="en">
 <head>
  <title>
</title>
<meta http-equiv="Content-Type" content="text/html;charset=utf-8" />
  <meta name='ocr-system' content='tesseract 3.04.00' />
  <meta name='ocr-capabilities' content='ocr_page ocr_carea ocr_par ocr_line ocrx_word'/>
</head>
<body>
  <div class='ocr_page' id='page_1' title='image "./denicolaopapaic00thiegoog_0068.png"; bbox 0 0 3084 4838; ppageno 0'>
   <div class='ocr_carea' id='block_1_1' title="bbox 664 326 686 394">
    <p class='ocr_par' dir='ltr' id='par_1_1' title="bbox 664 326 686 394">
     <span class='ocr_line' id='line_1_1' title="bbox 664 326 686 394; baseline 0 0"><span class='ocrx_word' id='word_1_1' title='bbox 664 326 686 394; x_wconf 87' lang='lat'>5</span> 
     </span>
    </p>
   </div>
   <div class='ocr_carea' id='block_1_2' title="bbox 99 530 1262 1247">
    <p class='ocr_par' dir='ltr' id='par_1_2' title="bbox 99 530 1262 1247">
     <span class='ocr_line' id='line_1_2' title="bbox 101 530 1244 611; baseline 0 -16"><span class='ocrx_word' id='word_1_2' title='bbox 101 532 339 599; x_wconf 63' lang='lat' dir='ltr'>sublimitate*</span> <span class='ocrx_word' id='word_1_3' title='bbox 355 532 582 611; x_wconf 85' lang='lat' dir='ltr'>consistunt,</span> <span class='ocrx_word' id='word_1_4' title='bbox 614 532 720 595; x_wconf 89' lang='lat' dir='ltr'>immo</span> <span class='ocrx_word' id='word_1_5' title='bbox 743 536 980 608; x_wconf 87' lang='lat' dir='ltr'>cunctorum,</span> <span class='ocrx_word' id='word_1_6' title='bbox 1014 531 1074 611; x_wconf 86' lang='lat' dir='ltr'>qui</span> <span class='ocrx_word' id='word_1_7' title='bbox 1097 530 1140 592; x_wconf 89' lang='lat' dir='ltr'>ab</span> <span class='ocrx_word' id='word_1_8' title='bbox 1164 533 1244 596; x_wconf 86' lang='lat' dir='ltr'>eis·</span> 
     </span>
     <span class='ocr_line' id='line_1_3' title="bbox 102 635 1244 721; baseline -0.001 -21"><span class='ocrx_word' id='word_1_9' title='bbox 102 638 182 700; x_wconf 93' lang='lat' dir='ltr'>dem</span> <span class='ocrx_word' id='word_1_10' title='bbox 214 637 469 721; x_wconf 82' lang='lat' dir='ltr'>potestatibus</span> <span class='ocrx_word' id='word_1_11' title='bbox 503 638 671 701; x_wconf 88' lang='lat' dir='ltr'>diversis</span> <span class='ocrx_word' id='word_1_12' title='bbox 705 637 931 699; x_wconf 83' lang='lat' dir='ltr'>afficiuntur</span> <span class='ocrx_word' id='word_1_13' title='bbox 967 635 1244 699; x_wconf 64' lang='lat' dir='ltr'>incommodisfi</span> 
     </span>
     <span class='ocr_line' id='line_1_4' title="bbox 101 741 1242 825; baseline -0.001 -19"><span class='ocrx_word' id='word_1_14' title='bbox 101 743 165 807; x_wconf 86' lang='lat' dir='ltr'>Hoc</span> <span class='ocrx_word' id='word_1_15' title='bbox 210 742 332 824; x_wconf 86' lang='lat' dir='ltr'>quidem</span> <span class='ocrx_word' id='word_1_16' title='bbox 370 744 546 825; x_wconf 79' lang='lat' dir='ltr'><strong>praeprimis</strong></span> <span class='ocrx_word' id='word_1_17' title='bbox 585 744 643 806; x_wconf 93' lang='lat' dir='ltr'>illis</span> <span class='ocrx_word' id='word_1_18' title='bbox 682 744 861 807; x_wconf 88' lang='lat' dir='ltr'>turbulentis</span> <span class='ocrx_word' id='word_1_19' title='bbox 879 813 882 820; x_wconf 90' lang='lat'><em>.</em></span> <span class='ocrx_word' id='word_1_20' title='bbox 901 741 1087 822; x_wconf 84' lang='lat' dir='ltr'><strong>temporibus</strong></span> <span class='ocrx_word' id='word_1_21' title='bbox 1127 757 1242 805; x_wconf 86' lang='lat' dir='ltr'>summe</span> 
     </span>
     <span class='ocr_line' id='line_1_5' title="bbox 99 842 1244 932; baseline 0 -21"><span class='ocrx_word' id='word_1_22' title='bbox 99 849 309 912; x_wconf 89' lang='lat' dir='ltr'>necessarium</span> <span class='ocrx_word' id='word_1_23' title='bbox 337 866 407 912; x_wconf 87' lang='lat' dir='ltr'>esse</span> <span class='ocrx_word' id='word_1_24' title='bbox 433 850 568 931; x_wconf 83' lang='lat' dir='ltr'>apprime</span> <span class='ocrx_word' id='word_1_25' title='bbox 591 851 760 932; x_wconf 82' lang='lat' dir='ltr'>perspexit.</span> <span class='ocrx_word' id='word_1_26' title='bbox 805 849 1018 930; x_wconf 65' lang='lat' dir='ltr'>„Quicunque</span> <span class='ocrx_word' id='word_1_27' title='bbox 1034 842 1244 928; x_wconf 80' lang='lat' dir='ltr'>&#39;privilegium</span> 
     </span>
     <span class='ocr_line' id='line_1_6' title="bbox 99 951 1245 1036; baseline 0 -19"><span class='ocrx_word' id='word_1_28' title='bbox 99 955 318 1018; x_wconf 87' lang='lat' dir='ltr'>Bellovacense</span> <span class='ocrx_word' id='word_1_29' title='bbox 340 954 443 1036; x_wconf 80' lang='lat' dir='ltr'>incipit</span> <span class='ocrx_word' id='word_1_30' title='bbox 465 956 501 1031; x_wconf 86' lang='lat' dir='ltr'>(l.</span> <span class='ocrx_word' id='word_1_31' title='bbox 520 975 546 1019; x_wconf 92' lang='lat' dir='ltr'>c.</span> <span class='ocrx_word' id='word_1_32' title='bbox 564 955 657 1035; x_wconf 83' lang='lat'><strong>813),</strong></span> <span class='ocrx_word' id='word_1_33' title='bbox 681 957 711 1017; x_wconf 95' lang='lat' dir='ltr'>in</span> <span class='ocrx_word' id='word_1_34' title='bbox 734 955 822 1036; x_wconf 88' lang='lat' dir='ltr'>hujus</span> <span class='ocrx_word' id='word_1_35' title='bbox 844 954 972 1017; x_wconf 88' lang='lat' dir='ltr'>labentis</span> <span class='ocrx_word' id='word_1_36' title='bbox 995 953 1110 1016; x_wconf 87' lang='lat' dir='ltr'>sacculi</span> <span class='ocrx_word' id='word_1_37' title='bbox 1132 951 1245 1017; x_wconf 85' lang='lat' dir='ltr'>luerint</span> 
     </span>
     <span class='ocr_line' id='line_1_7' title="bbox 101 1058 1262 1142; baseline 0 -19"><span class='ocrx_word' id='word_1_38' title='bbox 101 1060 201 1142; x_wconf 83' lang='lat' dir='ltr'>aliquo</span> <span class='ocrx_word' id='word_1_39' title='bbox 228 1060 341 1123; x_wconf 89' lang='lat' dir='ltr'>detenti</span> <span class='ocrx_word' id='word_1_40' title='bbox 369 1059 552 1138; x_wconf 83' lang='lat' dir='ltr'>discrimine,</span> <span class='ocrx_word' id='word_1_41' title='bbox 586 1079 626 1122; x_wconf 86' lang='lat' dir='ltr'>ne</span> <span class='ocrx_word' id='word_1_42' title='bbox 649 1061 733 1123; x_wconf 86' lang='lat' dir='ltr'>velut</span> <span class='ocrx_word' id='word_1_43' title='bbox 759 1061 791 1121; x_wconf 92' lang='lat' dir='ltr'>in</span> <span class='ocrx_word' id='word_1_44' title='bbox 812 1058 981 1122; x_wconf 87' lang='lat' dir='ltr'>fluctuantis</span> <span class='ocrx_word' id='word_1_45' title='bbox 1004 1059 1094 1121; x_wconf 90' lang='lat' dir='ltr'>maris</span> <span class='ocrx_word' id='word_1_46' title='bbox 1117 1058 1262 1141; x_wconf 71' lang='lat' dir='ltr'>pelaguS,</span> 
     </span>
     <span class='ocr_line' id='line_1_8' title="bbox 100 1164 1245 1247; baseline 0 -21"><span class='ocrx_word' id='word_1_47' title='bbox 100 1167 214 1229; x_wconf 71' lang='lat' dir='ltr'>uiribus</span> <span class='ocrx_word' id='word_1_48' title='bbox 236 1165 397 1229; x_wconf 87' lang='lat' dir='ltr'>infirmitati</span> <span class='ocrx_word' id='word_1_49' title='bbox 419 1164 580 1228; x_wconf 78' lang='lat' dir='ltr'>infeliciter</span> <span class='ocrx_word' id='word_1_50' title='bbox 602 1165 828 1247; x_wconf 84' lang='lat' dir='ltr'>demergantur,</span> <span class='ocrx_word' id='word_1_51' title='bbox 854 1165 967 1227; x_wconf 92' lang='lat' dir='ltr'>nullum</span> <span class='ocrx_word' id='word_1_52' title='bbox 989 1164 1096 1227; x_wconf 87' lang='lat' dir='ltr'>melius</span> <span class='ocrx_word' id='word_1_53' title='bbox 1119 1171 1245 1245; x_wconf 86' lang='lat' dir='ltr'>possunt</span> 
     </span>
    </p>
   </div>
   <div class='ocr_carea' id='block_1_3' title="bbox 5 1268 1242 1352">
    <p class='ocr_par' dir='ltr' id='par_1_3' title="bbox 5 1268 1242 1352">
     <span class='ocr_line' id='line_1_9' title="bbox 5 1268 1242 1352; baseline -0.002 -17"><span class='ocrx_word' id='word_1_54' title='bbox 5 1282 7 1349; x_wconf 64' lang='grc' dir='ltr'>ξ</span> <span class='ocrx_word' id='word_1_55' title='bbox 99 1289 173 1335; x_wconf 85' lang='lat' dir='ltr'>suae</span> <span class='ocrx_word' id='word_1_56' title='bbox 201 1271 383 1337; x_wconf 80' lang='lat' dir='ltr'>infirmitatis</span> <span class='ocrx_word' id='word_1_57' title='bbox 401 1271 539 1334; x_wconf 86' lang='lat' dir='ltr'>invenire</span> <span class='ocrx_word' id='word_1_58' title='bbox 562 1270 750 1334; x_wconf 82' lang='lat' dir='ltr'>salutiferum</span> <span class='ocrx_word' id='word_1_59' title='bbox 773 1277 892 1352; x_wconf 84' lang='lat' dir='ltr'>portum</span> <span class='ocrx_word' id='word_1_60' title='bbox 916 1287 1004 1350; x_wconf 87' lang='lat' dir='ltr'>quam</span> <span class='ocrx_word' id='word_1_61' title='bbox 1027 1268 1131 1332; x_wconf 88' lang='lat' dir='ltr'>sedem</span> <span class='ocrx_word' id='word_1_62' title='bbox 1154 1269 1242 1348; x_wconf 82' lang='lat' dir='ltr'>illius,</span> 
     </span>
    </p>
   </div>
   <div class='ocr_carea' id='block_1_4' title="bbox 99 1365 1244 1457">
    <p class='ocr_par' dir='ltr' id='par_1_4' title="bbox 99 1365 1244 1457">
     <span class='ocr_line' id='line_1_10' title="bbox 99 1365 1244 1457; baseline -0.007 -13"><span class='ocrx_word' id='word_1_63' title='bbox 99 1379 149 1444; x_wconf 82' lang='lat' dir='ltr'>cui</span> <span class='ocrx_word' id='word_1_64' title='bbox 178 1376 278 1440; x_wconf 90' lang='lat' dir='ltr'>divino</span> <span class='ocrx_word' id='word_1_65' title='bbox 302 1376 425 1440; x_wconf 90' lang='lat' dir='ltr'>oraculo</span> <span class='ocrx_word' id='word_1_66' title='bbox 447 1376 558 1441; x_wconf 89' lang='lat' dir='ltr'>dictum</span> <span class='ocrx_word' id='word_1_67' title='bbox 582 1385 644 1441; x_wconf 85' lang='lat' dir='ltr'>est:</span> <span class='ocrx_word' id='word_1_68' title='bbox 679 1385 763 1457; x_wconf 82' lang='grc' dir='ltr'>,,,,οι</span> <span class='ocrx_word' id='word_1_69' title='bbox 785 1376 949 1456; x_wconf 81' lang='lat' dir='ltr'>aliquando</span> <span class='ocrx_word' id='word_1_70' title='bbox 971 1365 1141 1438; x_wconf 72' lang='lat' dir='ltr'>concarrus</span> <span class='ocrx_word' id='word_1_71' title='bbox 1163 1394 1244 1437; x_wconf 85' lang='lat' dir='ltr'>con-</span> 
     </span>
    </p>
   </div>
   <div class='ocr_carea' id='block_1_5' title="bbox 98 1479 1370 1563">
    <p class='ocr_par' dir='ltr' id='par_1_5' title="bbox 98 1479 1370 1563">
     <span class='ocr_line' id='line_1_11' title="bbox 98 1479 1370 1563; baseline -0.002 -17"><span class='ocrx_word' id='word_1_72' title='bbox 98 1485 189 1563; x_wconf 72' lang='lat' dir='ltr'>firma</span> <span class='ocrx_word' id='word_1_73' title='bbox 219 1482 338 1563; x_wconf 78' lang='lat' dir='ltr'>fratrea</span> <span class='ocrx_word' id='word_1_74' title='bbox 365 1484 495 1546; x_wconf 81' lang='lat' dir='ltr'>tuoa.““</span> <span class='ocrx_word' id='word_1_75' title='bbox 526 1519 567 1530; x_wconf 93' lang='lat'><em>-</em></span> <span class='ocrx_word' id='word_1_76' title='bbox 595 1485 671 1546; x_wconf 83' lang='lat' dir='ltr'>Prae</span> <span class='ocrx_word' id='word_1_77' title='bbox 700 1483 837 1546; x_wconf 87' lang='lat' dir='ltr'>omnibus</span> <span class='ocrx_word' id='word_1_78' title='bbox 865 1482 895 1543; x_wconf 94' lang='lat' dir='ltr'>in</span> <span class='ocrx_word' id='word_1_79' title='bbox 924 1482 955 1547; x_wconf 88' lang='lat' dir='ltr'>S.</span> <span class='ocrx_word' id='word_1_80' title='bbox 984 1479 1023 1546; x_wconf 84' lang='grc' dir='ltr'>Α.</span> <span class='ocrx_word' id='word_1_81' title='bbox 1052 1480 1240 1543; x_wconf 86' lang='lat' dir='ltr'>inconcussis</span> <span class='ocrx_word' id='word_1_82' title='bbox 1363 1494 1370 1501; x_wconf 68' lang='lat'><em>⁴</em></span> 
     </span>
    </p>
   </div>
   <div class='ocr_carea' id='block_1_6' title="bbox 96 1583 1242 1778">
    <p class='ocr_par' dir='ltr' id='par_1_6' title="bbox 96 1583 1242 1778">
     <span class='ocr_line' id='line_1_12' title="bbox 98 1583 1242 1672; baseline 0 -23"><span class='ocrx_word' id='word_1_83' title='bbox 98 1583 268 1670; x_wconf 83' lang='lat' dir='ltr'>privilegiis</span> <span class='ocrx_word' id='word_1_84' title='bbox 303 1586 484 1668; x_wconf 89' lang='lat' dir='ltr'>judiciorum</span> <span class='ocrx_word' id='word_1_85' title='bbox 524 1595 556 1652; x_wconf 87' lang='lat' dir='ltr'>et</span> <span class='ocrx_word' id='word_1_86' title='bbox 588 1590 723 1672; x_wconf 88' lang='lat' dir='ltr'>justitiae</span> <span class='ocrx_word' id='word_1_87' title='bbox 762 1605 907 1652; x_wconf 91' lang='lat' dir='ltr'>summam</span> <span class='ocrx_word' id='word_1_88' title='bbox 946 1586 1068 1649; x_wconf 89' lang='lat' dir='ltr'>tutelam</span> <span class='ocrx_word' id='word_1_89' title='bbox 1107 1584 1242 1666; x_wconf 86' lang='lat' dir='ltr'>pendere</span> 
     </span>
     <span class='ocr_line' id='line_1_13' title="bbox 96 1692 1241 1778; baseline 0.001 -25"><span class='ocrx_word' id='word_1_90' title='bbox 96 1692 267 1759; x_wconf 83' lang='lat' dir='ltr'>contendit.</span> <span class='ocrx_word' id='word_1_91' title='bbox 312 1694 429 1772; x_wconf 85' lang='lat' dir='ltr'>„Quam</span> <span class='ocrx_word' id='word_1_92' title='bbox 458 1712 545 1778; x_wconf 81' lang='lat' dir='ltr'>rogo,</span> <span class='ocrx_word' id='word_1_93' title='bbox 574 1693 762 1775; x_wconf 86' lang='lat' dir='ltr'>Rodulplrum</span> <span class='ocrx_word' id='word_1_94' title='bbox 789 1694 911 1757; x_wconf 88' lang='lat' dir='ltr'>Bituric.</span> <span class='ocrx_word' id='word_1_95' title='bbox 935 1693 1062 1774; x_wconf 86' lang='lat' dir='ltr'>ejusque</span> <span class='ocrx_word' id='word_1_96' title='bbox 1082 1693 1241 1774; x_wconf 86' lang='lat' dir='ltr'>episcopos</span> 
     </span>
    </p>
   </div>
   <div class='ocr_carea' id='block_1_7' title="bbox 5 1796 1240 1881">
    <p class='ocr_par' dir='ltr' id='par_1_7' title="bbox 5 1796 1240 1881">
     <span class='ocr_line' id='line_1_14' title="bbox 5 1796 1240 1881; baseline 0.002 -24"><span class='ocrx_word' id='word_1_97' title='bbox 5 1836 6 1857; x_wconf 49' lang='lat' dir='ltr'>l</span> <span class='ocrx_word' id='word_1_98' title='bbox 99 1799 237 1878; x_wconf 89' lang='lat' dir='ltr'>increpat</span> <span class='ocrx_word' id='word_1_99' title='bbox 259 1796 295 1873; x_wconf 85' lang='lat' dir='ltr'>(l.</span> <span class='ocrx_word' id='word_1_100' title='bbox 319 1815 347 1860; x_wconf 87' lang='lat' dir='ltr'>c.</span> <span class='ocrx_word' id='word_1_101' title='bbox 371 1797 463 1878; x_wconf 82' lang='lat'>882),</span> <span class='ocrx_word' id='word_1_102' title='bbox 493 1799 674 1863; x_wconf 77' lang='lat' dir='ltr'>validitatem</span> <span class='ocrx_word' id='word_1_103' title='bbox 697 1807 798 1863; x_wconf 88' lang='lat' dir='ltr'>vestra</span> <span class='ocrx_word' id='word_1_104' title='bbox 821 1805 963 1881; x_wconf 87' lang='lat' dir='ltr'>poterunt</span> <span class='ocrx_word' id='word_1_105' title='bbox 984 1797 1098 1860; x_wconf 87' lang='lat' dir='ltr'>habere</span> <span class='ocrx_word' id='word_1_106' title='bbox 1117 1797 1240 1879; x_wconf 87' lang='lat' dir='ltr'>judicia,</span> 
     </span>
    </p>
   </div>
   <div class='ocr_carea' id='block_1_8' title="bbox 5 1904 1242 3162">
    <p class='ocr_par' dir='ltr' id='par_1_8' title="bbox 94 1904 1242 2407">
     <span class='ocr_line' id='line_1_15' title="bbox 99 1904 1242 1986; baseline -0.002 -20"><span class='ocrx_word' id='word_1_107' title='bbox 99 1904 126 1966; x_wconf 91' lang='lat' dir='ltr'>si</span> <span class='ocrx_word' id='word_1_108' title='bbox 159 1910 261 1965; x_wconf 88' lang='lat' dir='ltr'>nostra</span> <span class='ocrx_word' id='word_1_109' title='bbox 288 1904 518 1984; x_wconf 67' lang='lat' dir='ltr'>‘quomodolibet</span> <span class='ocrx_word' id='word_1_110' title='bbox 550 1906 745 1985; x_wconf 85' lang='lat' dir='ltr'>infirmantur,</span> <span class='ocrx_word' id='word_1_111' title='bbox 781 1905 819 1967; x_wconf 91' lang='lat' dir='ltr'>de</span> <span class='ocrx_word' id='word_1_112' title='bbox 856 1905 964 1986; x_wconf 73' lang='lat' dir='ltr'>quibus</span> <span class='ocrx_word' id='word_1_113' title='bbox 995 1920 1055 1965; x_wconf 89' lang='lat' dir='ltr'>neo</span> <span class='ocrx_word' id='word_1_114' title='bbox 1082 1904 1242 1966; x_wconf 89' lang='lat' dir='ltr'>retractari</span> 
     </span>
     <span class='ocr_line' id='line_1_16' title="bbox 97 2001 1242 2090; baseline 0 -20"><span class='ocrx_word' id='word_1_115' title='bbox 97 2001 192 2070; x_wconf 80' lang='lat' dir='ltr'>licet?</span> <span class='ocrx_word' id='word_1_116' title='bbox 213 2008 264 2070; x_wconf 89' lang='lat' dir='ltr'>vel</span> <span class='ocrx_word' id='word_1_117' title='bbox 286 2008 367 2090; x_wconf 85' lang='lat' dir='ltr'>quod</span> <span class='ocrx_word' id='word_1_118' title='bbox 388 2011 482 2074; x_wconf 89' lang='lat' dir='ltr'>robur</span> <span class='ocrx_word' id='word_1_119' title='bbox 504 2012 631 2074; x_wconf 91' lang='lat' dir='ltr'>concilia</span> <span class='ocrx_word' id='word_1_120' title='bbox 653 2019 755 2073; x_wconf 87' lang='lat' dir='ltr'>vestra</span> <span class='ocrx_word' id='word_1_121' title='bbox 778 2008 917 2073; x_wconf 90' lang='lat' dir='ltr'>obtinere</span> <span class='ocrx_word' id='word_1_122' title='bbox 940 2009 1092 2088; x_wconf 84' lang='lat' dir='ltr'>valebunt,</span> <span class='ocrx_word' id='word_1_123' title='bbox 1116 2010 1141 2070; x_wconf 92' lang='lat' dir='ltr'>si</span> <span class='ocrx_word' id='word_1_124' title='bbox 1156 2026 1242 2071; x_wconf 89' lang='lat' dir='ltr'>suam</span> 
     </span>
     <span class='ocr_line' id='line_1_17' title="bbox 96 2111 1241 2196; baseline 0.001 -20"><span class='ocrx_word' id='word_1_125' title='bbox 96 2111 266 2195; x_wconf 86' lang='lat' dir='ltr'>perdiderit</span> <span class='ocrx_word' id='word_1_126' title='bbox 293 2113 389 2179; x_wconf 90' lang='lat' dir='ltr'>Sedes</span> <span class='ocrx_word' id='word_1_127' title='bbox 417 2114 523 2196; x_wconf 83' lang='lat' dir='ltr'>Aplica</span> <span class='ocrx_word' id='word_1_128' title='bbox 556 2116 737 2195; x_wconf 85' lang='lat' dir='ltr'>firmitatem,</span> <span class='ocrx_word' id='word_1_129' title='bbox 774 2116 841 2178; x_wconf 91' lang='lat' dir='ltr'>sine</span> <span class='ocrx_word' id='word_1_130' title='bbox 870 2116 954 2196; x_wconf 90' lang='lat' dir='ltr'>cujus</span> <span class='ocrx_word' id='word_1_131' title='bbox 983 2132 1133 2178; x_wconf 89' lang='lat' dir='ltr'>consensu</span> <span class='ocrx_word' id='word_1_132' title='bbox 1147 2114 1241 2187; x_wconf 84' lang='lat' dir='ltr'>nulla</span> 
     </span>
     <span class='ocr_line' id='line_1_18' title="bbox 98 2200 1239 2306; baseline 0 -24"><span class='ocrx_word' id='word_1_133' title='bbox 98 2219 226 2283; x_wconf 90' lang='lat' dir='ltr'>concilia</span> <span class='ocrx_word' id='word_1_134' title='bbox 248 2218 298 2306; x_wconf 86' lang='lat' dir='ltr'>vcl</span> <span class='ocrx_word' id='word_1_135' title='bbox 320 2226 445 2301; x_wconf 87' lang='lat' dir='ltr'>accepta</span> <span class='ocrx_word' id='word_1_136' title='bbox 468 2238 538 2283; x_wconf 87' lang='lat' dir='ltr'>esse</span> <span class='ocrx_word' id='word_1_137' title='bbox 560 2220 751 2303; x_wconf 81' lang='lat' dir='ltr'>leguntur?“</span> <span class='ocrx_word' id='word_1_138' title='bbox 774 2200 846 2283; x_wconf 83' lang='lat' dir='ltr'>Nec</span> <span class='ocrx_word' id='word_1_139' title='bbox 861 2218 950 2280; x_wconf 87' lang='lat' dir='ltr'>facilc</span> <span class='ocrx_word' id='word_1_140' title='bbox 971 2219 1029 2282; x_wconf 91' lang='lat' dir='ltr'>hoc</span> <span class='ocrx_word' id='word_1_141' title='bbox 1043 2237 1152 2282; x_wconf 84' lang='lat' dir='ltr'>verum</span> <span class='ocrx_word' id='word_1_142' title='bbox 1169 2235 1239 2282; x_wconf 85' lang='lat' dir='ltr'>csse</span> 
     </span>
     <span class='ocr_line' id='line_1_19' title="bbox 94 2326 448 2407; baseline 0.014 -24"><span class='ocrx_word' id='word_1_143' title='bbox 94 2326 256 2407; x_wconf 71' lang='lat' dir='ltr'>quisquam</span> <span class='ocrx_word' id='word_1_144' title='bbox 278 2327 448 2406; x_wconf 81' lang='lat' dir='ltr'>negaverit.</span> 
     </span>
    </p>

    <p class='ocr_par' dir='ltr' id='par_1_9' title="bbox 5 2444 1240 3162">
     <span class='ocr_line' id='line_1_20' title="bbox 204 2444 1240 2531; baseline -0.001 -19"><span class='ocrx_word' id='word_1_145' title='bbox 204 2444 265 2512; x_wconf 87' lang='lat' dir='ltr'>Sed</span> <span class='ocrx_word' id='word_1_146' title='bbox 303 2455 397 2510; x_wconf 86' lang='lat' dir='ltr'>restat</span> <span class='ocrx_word' id='word_1_147' title='bbox 434 2455 467 2510; x_wconf 89' lang='lat' dir='ltr'>ut</span> <span class='ocrx_word' id='word_1_148' title='bbox 499 2448 669 2527; x_wconf 87' lang='lat' dir='ltr'>videamus,</span> <span class='ocrx_word' id='word_1_149' title='bbox 709 2449 740 2510; x_wconf 90' lang='lat' dir='ltr'>in</span> <span class='ocrx_word' id='word_1_150' title='bbox 779 2467 838 2531; x_wconf 91' lang='lat' dir='ltr'>quo</span> <span class='ocrx_word' id='word_1_151' title='bbox 873 2446 1065 2510; x_wconf 86' lang='lat' dir='ltr'>fundamento</span> <span class='ocrx_word' id='word_1_152' title='bbox 1099 2447 1240 2511; x_wconf 81' lang='lat' dir='ltr'>Nicotaus</span> 
     </span>
     <span class='ocr_line' id='line_1_21' title="bbox 98 2550 1240 2634; baseline 0 -19"><span class='ocrx_word' id='word_1_153' title='bbox 98 2558 278 2634; x_wconf 87' lang='lat' dir='ltr'>potestatem</span> <span class='ocrx_word' id='word_1_154' title='bbox 316 2553 396 2615; x_wconf 90' lang='lat' dir='ltr'>illam</span> <span class='ocrx_word' id='word_1_155' title='bbox 431 2554 615 2617; x_wconf 84' lang='lat' dir='ltr'>Pontificiam</span> <span class='ocrx_word' id='word_1_156' title='bbox 652 2555 797 2634; x_wconf 90' lang='lat' dir='ltr'>posuerit.</span> <span class='ocrx_word' id='word_1_157' title='bbox 853 2553 931 2616; x_wconf 94' lang='lat' dir='ltr'>Num</span> <span class='ocrx_word' id='word_1_158' title='bbox 965 2552 1042 2614; x_wconf 81' lang='lat' dir='ltr'>forte</span> <span class='ocrx_word' id='word_1_159' title='bbox 1077 2550 1240 2615; x_wconf 83' lang='lat' dir='ltr'>decretalia</span> 
     </span>
     <span class='ocr_line' id='line_1_22' title="bbox 96 2658 1239 2740; baseline 0.001 -20"><span class='ocrx_word' id='word_1_160' title='bbox 96 2658 245 2739; x_wconf 82' lang='lat' dir='ltr'>quaedam</span> <span class='ocrx_word' id='word_1_161' title='bbox 269 2660 388 2740; x_wconf 86' lang='lat' dir='ltr'>antiqua</span> <span class='ocrx_word' id='word_1_162' title='bbox 411 2660 477 2723; x_wconf 90' lang='lat' dir='ltr'>sive</span> <span class='ocrx_word' id='word_1_163' title='bbox 497 2659 670 2723; x_wconf 83' lang='lat' dir='ltr'>Pontificum</span> <span class='ocrx_word' id='word_1_164' title='bbox 694 2659 759 2722; x_wconf 86' lang='lat' dir='ltr'>sive</span> <span class='ocrx_word' id='word_1_165' title='bbox 782 2658 966 2740; x_wconf 85' lang='lat' dir='ltr'>synodorum</span> <span class='ocrx_word' id='word_1_166' title='bbox 989 2659 1053 2720; x_wconf 89' lang='lat' dir='ltr'>sive</span> <span class='ocrx_word' id='word_1_167' title='bbox 1077 2676 1151 2720; x_wconf 92' lang='lat' dir='ltr'>vera</span> <span class='ocrx_word' id='word_1_168' title='bbox 1173 2659 1239 2721; x_wconf 88' lang='lat' dir='ltr'>sive</span> 
     </span>
     <span class='ocr_line' id='line_1_23' title="bbox 97 2763 1239 2847; baseline -0.002 -18"><span class='ocrx_word' id='word_1_169' title='bbox 97 2763 173 2829; x_wconf 84' lang='lat' dir='ltr'>falsa</span> <span class='ocrx_word' id='word_1_170' title='bbox 206 2783 262 2846; x_wconf 92' lang='lat' dir='ltr'>pro</span> <span class='ocrx_word' id='word_1_171' title='bbox 296 2766 358 2828; x_wconf 91' lang='lat' dir='ltr'>suis</span> <span class='ocrx_word' id='word_1_172' title='bbox 393 2765 450 2828; x_wconf 90' lang='lat' dir='ltr'>illis</span> <span class='ocrx_word' id='word_1_173' title='bbox 484 2767 514 2831; x_wconf 88' lang='lat' dir='ltr'>S.</span> <span class='ocrx_word' id='word_1_174' title='bbox 543 2765 582 2829; x_wconf 78' lang='lat' dir='ltr'>A.</span> <span class='ocrx_word' id='word_1_175' title='bbox 612 2766 735 2829; x_wconf 92' lang='lat' dir='ltr'>summis</span> <span class='ocrx_word' id='word_1_176' title='bbox 769 2764 935 2847; x_wconf 81' lang='lat' dir='ltr'>privilegiis</span> <span class='ocrx_word' id='word_1_177' title='bbox 963 2763 1114 2845; x_wconf 81' lang='lat' dir='ltr'>appellat?</span> <span class='ocrx_word' id='word_1_178' title='bbox 1146 2763 1239 2827; x_wconf 91' lang='lat' dir='ltr'>lmmo</span> 
     </span>
     <span class='ocr_line' id='line_1_24' title="bbox 97 2867 1239 2952; baseline 0.001 -22"><span class='ocrx_word' id='word_1_179' title='bbox 97 2869 219 2945; x_wconf 87' lang='lat' dir='ltr'>saepius</span> <span class='ocrx_word' id='word_1_180' title='bbox 258 2886 326 2930; x_wconf 89' lang='lat' dir='ltr'>cum</span> <span class='ocrx_word' id='word_1_181' title='bbox 364 2868 498 2947; x_wconf 88' lang='lat' dir='ltr'>pluribus</span> <span class='ocrx_word' id='word_1_182' title='bbox 531 2871 781 2952; x_wconf 88' lang='lat' dir='ltr'>praedessoribus</span> <span class='ocrx_word' id='word_1_183' title='bbox 815 2871 876 2933; x_wconf 91' lang='lat' dir='ltr'>suis</span> <span class='ocrx_word' id='word_1_184' title='bbox 893 2867 919 2943; x_wconf 89' lang='lat'>¹)</span> <span class='ocrx_word' id='word_1_185' title='bbox 954 2869 1083 2949; x_wconf 84' lang='lat' dir='ltr'>extollit,</span> <span class='ocrx_word' id='word_1_186' title='bbox 1124 2887 1239 2951; x_wconf 86' lang='lat' dir='ltr'>„super</span> 
     </span>
     <span class='ocr_line' id='line_1_25' title="bbox 98 2969 1237 3058; baseline 0.004 -26"><span class='ocrx_word' id='word_1_187' title='bbox 98 2969 260 3032; x_wconf 88' lang='lat' dir='ltr'>ecclesiam</span> <span class='ocrx_word' id='word_1_188' title='bbox 291 2971 453 3033; x_wconf 86' lang='lat' dir='ltr'>Romanam</span> <span class='ocrx_word' id='word_1_189' title='bbox 492 2975 570 3036; x_wconf 84' lang='lat' dir='ltr'>nihil·</span> <span class='ocrx_word' id='word_1_190' title='bbox 597 2993 727 3055; x_wconf 89' lang='lat' dir='ltr'>unquam</span> <span class='ocrx_word' id='word_1_191' title='bbox 761 2975 908 3058; x_wconf 76' lang='lat' dir='ltr'>synodum</span> <span class='ocrx_word' id='word_1_192' title='bbox 941 2975 1104 3056; x_wconf 88' lang='lat' dir='ltr'>quamlibet</span> <span class='ocrx_word' id='word_1_193' title='bbox 1135 2993 1237 3039; x_wconf 89' lang='lat' dir='ltr'>ausam</span> 
     </span>
     <span class='ocr_line' id='line_1_26' title="bbox 5 3072 1238 3162; baseline 0.003 -24"><span class='ocrx_word' id='word_1_194' title='bbox 5 3072 6 3087; x_wconf 60' lang='lat'>¹</span> <span class='ocrx_word' id='word_1_195' title='bbox 97 3093 169 3138; x_wconf 90' lang='lat' dir='ltr'>esse</span> <span class='ocrx_word' id='word_1_196' title='bbox 198 3076 418 3154; x_wconf 85' lang='lat' dir='ltr'>constituere,“</span> <span class='ocrx_word' id='word_1_197' title='bbox 431 3073 459 3150; x_wconf 74' lang='grc'>2)</span> <span class='ocrx_word' id='word_1_198' title='bbox 488 3079 684 3158; x_wconf 89' lang='lat' dir='ltr'>principatum</span> <span class='ocrx_word' id='word_1_199' title='bbox 713 3081 779 3162; x_wconf 88' lang='lat' dir='ltr'>ejus</span> <span class='ocrx_word' id='word_1_200' title='bbox 808 3099 868 3143; x_wconf 91' lang='lat' dir='ltr'>non</span> <span class='ocrx_word' id='word_1_201' title='bbox 897 3099 937 3142; x_wconf 89' lang='lat' dir='ltr'>ex</span> <span class='ocrx_word' id='word_1_202' title='bbox 964 3081 1025 3143; x_wconf 92' lang='lat' dir='ltr'>ullo</span> <span class='ocrx_word' id='word_1_203' title='bbox 1049 3099 1165 3145; x_wconf 90' lang='lat' dir='ltr'>canone</span> <span class='ocrx_word' id='word_1_204' title='bbox 1187 3081 1238 3143; x_wconf 85' lang='lat' dir='ltr'>vel</span> 
     </span>
    </p>
   </div>
   <div class='ocr_carea' id='block_1_9' title="bbox 5 3180 1236 3248">
    <p class='ocr_par' dir='ltr' id='par_1_10' title="bbox 5 3180 1236 3248">
     <span class='ocr_line' id='line_1_27' title="bbox 5 3180 1236 3248; baseline 0.005 -6"><span class='ocrx_word' id='word_1_205' title='bbox 5 3186 6 3189; x_wconf 76' lang='grc'>’</span> <span class='ocrx_word' id='word_1_206' title='bbox 97 3180 243 3243; x_wconf 88' lang='lat' dir='ltr'>decretali</span> <span class='ocrx_word' id='word_1_207' title='bbox 272 3180 327 3244; x_wconf 88' lang='lat' dir='ltr'>sed</span> <span class='ocrx_word' id='word_1_208' title='bbox 356 3200 397 3244; x_wconf 88' lang='lat' dir='ltr'>ex</span> <span class='ocrx_word' id='word_1_209' title='bbox 424 3181 524 3245; x_wconf 89' lang='lat' dir='ltr'>divina</span> <span class='ocrx_word' id='word_1_210' title='bbox 550 3183 733 3246; x_wconf 88' lang='lat' dir='ltr'>institutione</span> <span class='ocrx_word' id='word_1_211' title='bbox 763 3203 781 3244; x_wconf 88' lang='lat' dir='ltr'>a</span> <span class='ocrx_word' id='word_1_212' title='bbox 804 3184 920 3246; x_wconf 82' lang='lat' dir='ltr'>Christo</span> <span class='ocrx_word' id='word_1_213' title='bbox 948 3186 979 3246; x_wconf 94' lang='lat' dir='ltr'>in</span> <span class='ocrx_word' id='word_1_214' title='bbox 1006 3185 1035 3246; x_wconf 89' lang='lat' dir='ltr'>b.</span> <span class='ocrx_word' id='word_1_215' title='bbox 1059 3188 1147 3248; x_wconf 88' lang='lat' dir='ltr'>Petro</span> <span class='ocrx_word' id='word_1_216' title='bbox 1171 3185 1236 3248; x_wconf 91' lang='lat' dir='ltr'>dis-</span> 
     </span>
    </p>
   </div>
   <div class='ocr_carea' id='block_1_10' title="bbox 96 3283 1239 3479">
    <p class='ocr_par' dir='ltr' id='par_1_11' title="bbox 96 3283 1239 3479">
     <span class='ocr_line' id='line_1_28' title="bbox 96 3283 1239 3369; baseline 0.003 -21"><span class='ocrx_word' id='word_1_217' title='bbox 96 3287 193 3368; x_wconf 90' lang='lat' dir='ltr'>posita</span> <span class='ocrx_word' id='word_1_218' title='bbox 222 3286 367 3367; x_wconf 86' lang='lat' dir='ltr'>pendere.</span> <span class='ocrx_word' id='word_1_219' title='bbox 383 3283 411 3361; x_wconf 83' lang='lat'>³)</span> <span class='ocrx_word' id='word_1_220' title='bbox 457 3290 559 3362; x_wconf 84' lang='lat' dir='ltr'>Quare</span> <span class='ocrx_word' id='word_1_221' title='bbox 589 3306 702 3352; x_wconf 89' lang='lat' dir='ltr'>summa</span> <span class='ocrx_word' id='word_1_222' title='bbox 726 3290 815 3352; x_wconf 92' lang='lat' dir='ltr'>animi</span> <span class='ocrx_word' id='word_1_223' title='bbox 837 3288 945 3351; x_wconf 82' lang='lat' dir='ltr'>fiducia</span> <span class='ocrx_word' id='word_1_224' title='bbox 967 3288 998 3351; x_wconf 90' lang='lat' dir='ltr'>id</span> <span class='ocrx_word' id='word_1_225' title='bbox 1020 3289 1131 3369; x_wconf 88' lang='lat' dir='ltr'>ubique</span> <span class='ocrx_word' id='word_1_226' title='bbox 1155 3295 1239 3351; x_wconf 89' lang='lat' dir='ltr'>tenet</span> 
     </span>
     <span class='ocr_line' id='line_1_29' title="bbox 96 3388 1236 3479; baseline 0 -24"><span class='ocrx_word' id='word_1_227' title='bbox 96 3399 128 3455; x_wconf 89' lang='lat' dir='ltr'>et</span> <span class='ocrx_word' id='word_1_228' title='bbox 165 3390 334 3472; x_wconf 87' lang='lat' dir='ltr'>praedicat,</span> <span class='ocrx_word' id='word_1_229' title='bbox 377 3393 536 3476; x_wconf 82' lang='lat' dir='ltr'>privilegia</span> <span class='ocrx_word' id='word_1_230' title='bbox 578 3395 628 3457; x_wconf 89' lang='lat' dir='ltr'>illa</span> <span class='ocrx_word' id='word_1_231' title='bbox 663 3396 773 3479; x_wconf 89' lang='lat' dir='ltr'>quippe</span> <span class='ocrx_word' id='word_1_232' title='bbox 812 3395 951 3459; x_wconf 90' lang='lat' dir='ltr'>divinitus</span> <span class='ocrx_word' id='word_1_233' title='bbox 988 3388 1121 3457; x_wconf 81' lang='lat' dir='ltr'>ra&#39;dicata</span> <span class='ocrx_word' id='word_1_234' title='bbox 1157 3394 1236 3459; x_wconf 90' lang='lat' dir='ltr'>nulla</span> 
     </span>
    </p>
   </div>
   <div class='ocr_carea' id='block_1_11' title="bbox 94 3613 1237 4302">
    <p class='ocr_par' dir='ltr' id='par_1_12' title="bbox 95 3613 1237 3862">
     <span class='ocr_line' id='line_1_30' title="bbox 201 3613 1237 3691; baseline 0.01 -24"><span class='ocrx_word' id='word_1_235' title='bbox 201 3613 227 3680; x_wconf 85' lang='lat'>¹)</span> <span class='ocrx_word' id='word_1_236' title='bbox 249 3616 289 3668; x_wconf 88' lang='lat' dir='ltr'>Ex</span> <span class='ocrx_word' id='word_1_237' title='bbox 307 3633 346 3686; x_wconf 77' lang='lat' dir='ltr'>gn.</span> <span class='ocrx_word' id='word_1_238' title='bbox 360 3615 507 3671; x_wconf 85' lang='lat' dir='ltr'>Bonilacius</span> <span class='ocrx_word' id='word_1_239' title='bbox 526 3636 567 3689; x_wconf 88' lang='lat' dir='ltr'>cp.</span> <span class='ocrx_word' id='word_1_240' title='bbox 586 3621 622 3676; x_wconf 87' lang='lat'>14</span> <span class='ocrx_word' id='word_1_241' title='bbox 640 3625 672 3674; x_wconf 90' lang='lat' dir='ltr'>ad</span> <span class='ocrx_word' id='word_1_242' title='bbox 692 3639 775 3691; x_wconf 83' lang='lat' dir='ltr'>eppos</span> <span class='ocrx_word' id='word_1_243' title='bbox 794 3623 908 3679; x_wconf 83' lang='lat' dir='ltr'>Thessal.</span> <span class='ocrx_word' id='word_1_244' title='bbox 927 3641 952 3677; x_wconf 90' lang='lat' dir='ltr'>n.</span> <span class='ocrx_word' id='word_1_245' title='bbox 970 3625 996 3677; x_wconf 91' lang='lat'>1.</span> <span class='ocrx_word' id='word_1_246' title='bbox 1021 3621 1164 3689; x_wconf 82' lang='lat' dir='ltr'>(Constant.</span> <span class='ocrx_word' id='word_1_247' title='bbox 1182 3623 1199 3678; x_wconf 83' lang='lat' dir='ltr'>l.</span> <span class='ocrx_word' id='word_1_248' title='bbox 1213 3622 1237 3678; x_wconf 84' lang='lat' dir='ltr'>c.</span> 
     </span>
     <span class='ocr_line' id='line_1_31' title="bbox 96 3703 1237 3776; baseline 0.004 -17"><span class='ocrx_word' id='word_1_249' title='bbox 96 3704 185 3772; x_wconf 79' lang='grc'>1037),</span> <span class='ocrx_word' id='word_1_250' title='bbox 209 3703 294 3759; x_wconf 81' lang='lat' dir='ltr'>Gelas.</span> <span class='ocrx_word' id='word_1_251' title='bbox 318 3720 359 3771; x_wconf 85' lang='lat' dir='ltr'>ep.</span> <span class='ocrx_word' id='word_1_252' title='bbox 380 3705 400 3759; x_wconf 88' lang='lat'>4</span> <span class='ocrx_word' id='word_1_253' title='bbox 422 3705 454 3758; x_wconf 90' lang='lat' dir='ltr'>ad</span> <span class='ocrx_word' id='word_1_254' title='bbox 472 3706 589 3762; x_wconf 80' lang='lat' dir='ltr'>Anastas.</span> <span class='ocrx_word' id='word_1_255' title='bbox 607 3710 754 3776; x_wconf 85' lang='lat' dir='ltr'>imperator.</span> <span class='ocrx_word' id='word_1_256' title='bbox 773 3709 1007 3775; x_wconf 72' lang='lat' dir='ltr'>(naturitati),</span> <span class='ocrx_word' id='word_1_257' title='bbox 1026 3711 1124 3762; x_wconf 82' lang='lat' dir='ltr'>decret.</span> <span class='ocrx_word' id='word_1_258' title='bbox 1142 3726 1167 3764; x_wconf 79' lang='lat' dir='ltr'>a.</span> <span class='ocrx_word' id='word_1_259' title='bbox 1183 3711 1237 3764; x_wconf 75' lang='lat' dir='ltr'>tat</span> 
     </span>
     <span class='ocr_line' id='line_1_32' title="bbox 95 3792 1068 3862; baseline 0.012 -15"><span class='ocrx_word' id='word_1_260' title='bbox 95 3808 121 3862; x_wconf 84' lang='lat'>¹.¹·</span> <span class='ocrx_word' id='word_1_261' title='bbox 140 3793 165 3848; x_wconf 92' lang='lat'>1.</span> <span class='ocrx_word' id='word_1_262' title='bbox 185 3793 216 3858; x_wconf 84' lang='lat'>(1.</span> <span class='ocrx_word' id='word_1_263' title='bbox 235 3810 259 3849; x_wconf 82' lang='lat' dir='ltr'>c.</span> <span class='ocrx_word' id='word_1_264' title='bbox 277 3810 303 3849; x_wconf 82' lang='lat' dir='ltr'>n.</span> <span class='ocrx_word' id='word_1_265' title='bbox 321 3792 398 3857; x_wconf 90' lang='grc'>938).</span> <span class='ocrx_word' id='word_1_266' title='bbox 1065 3856 1068 3859; x_wconf 89' lang='grc'>.</span> 
     </span>
    </p>

    <p class='ocr_par' dir='ltr' id='par_1_13' title="bbox 200 3870 1098 3953">
     <span class='ocr_line' id='line_1_33' title="bbox 200 3870 1098 3953; baseline 0.009 -21"><span class='ocrx_word' id='word_1_267' title='bbox 200 3877 223 3947; x_wconf 87' lang='lat'>²)</span> <span class='ocrx_word' id='word_1_268' title='bbox 243 3883 277 3935; x_wconf 72' lang='lat' dir='ltr'>cr.</span> <span class='ocrx_word' id='word_1_269' title='bbox 295 3870 389 3950; x_wconf 62' lang='lat' dir='ltr'>epto</span> <span class='ocrx_word' id='word_1_270' title='bbox 409 3882 440 3949; x_wconf 83' lang='lat' dir='ltr'>(r.</span> <span class='ocrx_word' id='word_1_271' title='bbox 459 3899 483 3939; x_wconf 75' lang='lat' dir='ltr'>e.</span> <span class='ocrx_word' id='word_1_272' title='bbox 501 3883 577 3949; x_wconf 78' lang='lat' dir='ltr'>aot),</span> <span class='ocrx_word' id='word_1_273' title='bbox 596 3900 639 3953; x_wconf 70' lang='lat' dir='ltr'>ep.</span> <span class='ocrx_word' id='word_1_274' title='bbox 656 3883 692 3938; x_wconf 84' lang='lat' dir='ltr'>aa</span> <span class='ocrx_word' id='word_1_275' title='bbox 710 3884 742 3936; x_wconf 75' lang='lat' dir='ltr'>ao</span> <span class='ocrx_word' id='word_1_276' title='bbox 760 3882 835 3938; x_wconf 75' lang='lat' dir='ltr'>nico.</span> <span class='ocrx_word' id='word_1_277' title='bbox 852 3884 911 3951; x_wconf 75' lang='lat' dir='ltr'>amp.</span> <span class='ocrx_word' id='word_1_278' title='bbox 932 3883 962 3948; x_wconf 83' lang='lat' dir='ltr'>(r.</span> <span class='ocrx_word' id='word_1_279' title='bbox 982 3900 1005 3937; x_wconf 72' lang='lat' dir='ltr'>c.</span> <span class='ocrx_word' id='word_1_280' title='bbox 1023 3883 1098 3949; x_wconf 83' lang='lat'><strong>950).</strong></span> 
     </span>
    </p>

    <p class='ocr_par' dir='ltr' id='par_1_14' title="bbox 94 3965 1236 4302">
     <span class='ocr_line' id='line_1_34' title="bbox 199 3965 1235 4041; baseline 0.008 -21"><span class='ocrx_word' id='word_1_281' title='bbox 199 3965 222 4035; x_wconf 72' lang='lat'>⁸)</span> <span class='ocrx_word' id='word_1_282' title='bbox 246 3969 280 4022; x_wconf 82' lang='lat' dir='ltr'>cl.</span> <span class='ocrx_word' id='word_1_283' title='bbox 304 3986 345 4036; x_wconf 85' lang='lat' dir='ltr'>cp.</span> <span class='ocrx_word' id='word_1_284' title='bbox 363 3972 398 4025; x_wconf 80' lang='lat'>22</span> <span class='ocrx_word' id='word_1_285' title='bbox 421 3971 454 4024; x_wconf 88' lang='lat' dir='ltr'>ad</span> <span class='ocrx_word' id='word_1_286' title='bbox 480 3970 538 4027; x_wconf 78' lang='lat' dir='ltr'>Gan</span> <span class='ocrx_word' id='word_1_287' title='bbox 558 3970 629 4028; x_wconf 81' lang='lat' dir='ltr'>Calv.</span> <span class='ocrx_word' id='word_1_288' title='bbox 653 3972 685 4039; x_wconf 80' lang='lat' dir='ltr'>(l.</span> <span class='ocrx_word' id='word_1_289' title='bbox 704 3990 727 4028; x_wconf 90' lang='lat' dir='ltr'>c.</span> <span class='ocrx_word' id='word_1_290' title='bbox 745 3971 818 4039; x_wconf 89' lang='grc'>803),</span> <span class='ocrx_word' id='word_1_291' title='bbox 841 3972 906 4039; x_wconf 83' lang='lat' dir='ltr'>priv.</span> <span class='ocrx_word' id='word_1_292' title='bbox 924 3971 1055 4028; x_wconf 85' lang='lat' dir='ltr'>Bellovac.</span> <span class='ocrx_word' id='word_1_293' title='bbox 1074 3973 1101 4041; x_wconf 91' lang='lat' dir='ltr'>(l.</span> <span class='ocrx_word' id='word_1_294' title='bbox 1121 3991 1144 4029; x_wconf 84' lang='lat' dir='ltr'>c.</span> <span class='ocrx_word' id='word_1_295' title='bbox 1162 3973 1235 4040; x_wconf 86' lang='grc'>813),</span> 
     </span>
     <span class='ocr_line' id='line_1_35' title="bbox 94 4055 1234 4131; baseline 0.005 -22"><span class='ocrx_word' id='word_1_296' title='bbox 94 4058 159 4125; x_wconf 83' lang='lat' dir='ltr'>priv.</span> <span class='ocrx_word' id='word_1_297' title='bbox 178 4055 282 4123; x_wconf 82' lang='lat' dir='ltr'>Corbcj.</span> <span class='ocrx_word' id='word_1_298' title='bbox 301 4056 329 4122; x_wconf 86' lang='lat' dir='ltr'>(l.</span> <span class='ocrx_word' id='word_1_299' title='bbox 347 4074 371 4112; x_wconf 88' lang='lat' dir='ltr'>c.</span> <span class='ocrx_word' id='word_1_300' title='bbox 388 4058 460 4126; x_wconf 84' lang='grc'>815),</span> <span class='ocrx_word' id='word_1_301' title='bbox 479 4075 520 4128; x_wconf 86' lang='lat' dir='ltr'>ep.</span> <span class='ocrx_word' id='word_1_302' title='bbox 539 4059 576 4115; x_wconf 79' lang='lat'>75</span> <span class='ocrx_word' id='word_1_303' title='bbox 592 4061 625 4113; x_wconf 87' lang='lat' dir='ltr'>ad</span> <span class='ocrx_word' id='word_1_304' title='bbox 643 4077 724 4131; x_wconf 85' lang='lat' dir='ltr'>appas</span> <span class='ocrx_word' id='word_1_305' title='bbox 738 4059 802 4116; x_wconf 80' lang='lat' dir='ltr'>Gall.</span> <span class='ocrx_word' id='word_1_306' title='bbox 821 4060 849 4128; x_wconf 90' lang='lat' dir='ltr'>(l.</span> <span class='ocrx_word' id='word_1_307' title='bbox 868 4076 891 4115; x_wconf 91' lang='lat' dir='ltr'>c.</span> <span class='ocrx_word' id='word_1_308' title='bbox 909 4059 981 4128; x_wconf 82' lang='grc'>907),</span> <span class='ocrx_word' id='word_1_309' title='bbox 1000 4077 1042 4128; x_wconf 82' lang='lat' dir='ltr'>ep.</span> <span class='ocrx_word' id='word_1_310' title='bbox 1059 4060 1095 4116; x_wconf 89' lang='grc'>86</span> <span class='ocrx_word' id='word_1_311' title='bbox 1115 4062 1148 4114; x_wconf 89' lang='lat' dir='ltr'>ad</span> <span class='ocrx_word' id='word_1_312' title='bbox 1159 4061 1234 4115; x_wconf 75' lang='lat' dir='ltr'>Micia.</span> 
     </span>
     <span class='ocr_line' id='line_1_36' title="bbox 94 4144 1236 4217; baseline 0.007 -21"><span class='ocrx_word' id='word_1_313' title='bbox 94 4144 155 4214; x_wconf 86' lang='lat' dir='ltr'>imp.</span> <span class='ocrx_word' id='word_1_314' title='bbox 173 4145 201 4213; x_wconf 89' lang='grc'>(1.</span> <span class='ocrx_word' id='word_1_315' title='bbox 219 4162 244 4203; x_wconf 86' lang='lat' dir='ltr'>c.</span> <span class='ocrx_word' id='word_1_316' title='bbox 262 4144 316 4199; x_wconf 84' lang='grc'>948</span> <span class='ocrx_word' id='word_1_317' title='bbox 333 4145 409 4215; x_wconf 66' lang='lat' dir='ltr'>squ),</span> <span class='ocrx_word' id='word_1_318' title='bbox 432 4163 473 4214; x_wconf 72' lang='lat' dir='ltr'>ep,</span> <span class='ocrx_word' id='word_1_319' title='bbox 493 4147 546 4203; x_wconf 85' lang='lat'>104</span> <span class='ocrx_word' id='word_1_320' title='bbox 563 4148 596 4201; x_wconf 84' lang='lat' dir='ltr'>ad</span> <span class='ocrx_word' id='word_1_321' title='bbox 614 4150 676 4205; x_wconf 88' lang='lat' dir='ltr'>cler.</span> <span class='ocrx_word' id='word_1_322' title='bbox 695 4149 734 4207; x_wconf 81' lang='lat' dir='ltr'>Gt.</span> <span class='ocrx_word' id='word_1_323' title='bbox 754 4150 781 4217; x_wconf 83' lang='lat' dir='ltr'>(l.</span> <span class='ocrx_word' id='word_1_324' title='bbox 800 4168 824 4206; x_wconf 87' lang='lat' dir='ltr'>c.</span> <span class='ocrx_word' id='word_1_325' title='bbox 843 4147 932 4216; x_wconf 77' lang='grc'>1089),</span> <span class='ocrx_word' id='word_1_326' title='bbox 956 4164 997 4217; x_wconf 85' lang='lat' dir='ltr'>cp.</span> <span class='ocrx_word' id='word_1_327' title='bbox 1016 4149 1068 4204; x_wconf 73' lang='lat'>152</span> <span class='ocrx_word' id='word_1_328' title='bbox 1086 4149 1119 4202; x_wconf 84' lang='lat' dir='ltr'>ad</span> <span class='ocrx_word' id='word_1_329' title='bbox 1137 4148 1236 4204; x_wconf 80' lang='lat' dir='ltr'>llincm</span> 
     </span>
     <span class='ocr_line' id='line_1_37' title="bbox 97 4226 1072 4302; baseline 0.016 -18"><span class='ocrx_word' id='word_1_330' title='bbox 97 4239 124 4284; x_wconf 76' lang='lat' dir='ltr'>o</span> <span class='ocrx_word' id='word_1_331' title='bbox 138 4248 222 4302; x_wconf 68' lang='lat' dir='ltr'>eppo.</span> <span class='ocrx_word' id='word_1_332' title='bbox 240 4235 258 4290; x_wconf 79' lang='lat' dir='ltr'>r.</span> <span class='ocrx_word' id='word_1_333' title='bbox 276 4249 297 4291; x_wconf 66' lang='grc' dir='ltr'>ι,</span> <span class='ocrx_word' id='word_1_334' title='bbox 317 4231 402 4291; x_wconf 71' lang='lat' dir='ltr'>caron</span> <span class='ocrx_word' id='word_1_335' title='bbox 421 4232 449 4300; x_wconf 85' lang='lat' dir='ltr'>o.</span> <span class='ocrx_word' id='word_1_336' title='bbox 467 4240 491 4291; x_wconf 72' lang='lat' dir='ltr'>a.</span> <span class='ocrx_word' id='word_1_337' title='bbox 511 4234 600 4302; x_wconf 78' lang='lat' dir='ltr'>nar).</span> <span class='ocrx_word' id='word_1_338' title='bbox 1066 4226 1072 4277; x_wconf 74' lang='grc' dir='ltr'>ἶ</span> 
     </span>
    </p>
   </div>
   <div class='ocr_carea' id='block_1_12' title="bbox 0 0 1546 4838">
    <p class='ocr_par' dir='ltr' id='par_1_15' title="bbox 0 0 1546 4838">
     <span class='ocr_line' id='line_1_38' title="bbox 0 0 1546 4838; baseline 0 2"><span class='ocrx_word' id='word_1_339' title='bbox 0 0 1546 4838; x_wconf 95' lang='lat' dir='ltr'> </span> 
     </span>
    </p>
   </div>
  </div>
 </body>
</html>
