3084 4838
798 285 851 360 28

249 495 341 558 cerm
372 500 467 559 status
500 511 604 560 rernm
637 496 709 559 tunc
736 492 885 578 ejusmodi
912 498 990 574 erat,
1023 498 1057 559 ut
1078 491 1219 559 idcolaus
1241 486 1308 578 jam
1337 515 1402 563 ex-

249 600 550 664 communicationem
583 600 615 662 in
642 600 814 664 Letharium
841 599 1037 683 pronuntiare
1064 598 1135 662 ideo
1164 597 1293 681 dilieret,
1328 604 1403 686 guda

249 704 362 767 exinde
396 705 574 788 „sanguinis
602 705 713 771 effusio
744 706 954 789 bellorumque
988 705 1165 785 excitatio,“
1182 702 1209 780 ¹)
1244 707 1314 788 quin
1347 710 1402 775 vei

249 810 359 893 ,regni
380 813 447 893 eJus
469 810 680 893 dispendium“
693 809 723 888 ²)
746 812 921 876 timendum.
937 844 981 861 --
1000 810 1120 875 Deinde
1141 810 1223 876 idem
1246 812 1298 875 vel
1320 833 1400 878 con-

248 932 343 980 sensu
366 917 537 998 'principum
566 916 807 999 populorumque
835 916 1055 1001 quodammodo
1076 925 1276 998 provocatum
1298 920 1403 1003 itaque

250 1021 362 1103 publici
391 1022 470 1104 juris
500 1020 613 1085 iactum
646 1030 704 1089 est.
747 1024 858 1089 Notum
890 1032 948 1104 est,
982 1022 1132 1106 quomodo
1160 1023 1219 1105 ipsi
1247 1025 1403 1109 principes

249 1127 371 1209 saepius
399 1126 511 1193 Sedena
533 1128 739 1210 Apostolicam
772 1129 912 1210 adierint,
946 1135 980 1193 ut
1011 1128 1144 1192 rebelles
1178 1136 1230 1193 aut
1244 1116 1247 1129 '
1263 1128 1403 1211 deprae-

250 1231 372 1297 datores
402 1233 561 1299 autoritate
589 1252 644 1298 sua
671 1232 845 1310 arceret.⁸)
892 1236 1086 1317 Quantopere
1107 1241 1209 1298 numm
1230 1235 1288 1318 ipsi
1308 1238 1399 1318 prin-

250 1338 336 1420 cipes
369 1357 499 1422 regnam
528 1357 616 1404 suum
639 1339 755 1422 judicio
784 1340 936 1404 ecelesiae
963 1340 1167 1420 submiserint,
1201 1341 1281 1405 inter
1307 1343 1399 1407 multa

250 1443 309 1506 alia
342 1463 385 1508 ex
415 1445 474 1509 hoc
506 1446 572 1526 ipso
605 1453 742 1527 tempore
775 1445 807 1508 id
839 1445 1020 1510 documento
1054 1452 1117 1526 est,
1158 1445 1237 1528 quod
1271 1446 1399 1513 Carolus

251 1548 372 1629 Calvus,
406 1550 585 1613 Venilonem
612 1551 871 1633 archiepiscopum
894 1552 1103 1618 senonensem
1130 1552 1162 1615 in
1183 1549 1298 1633 synodo
1319 1552 1397 1617 'lul-

249 1654 378 1721 lensia.
401 1655 467 1719 859
497 1654 642 1739 perfidiae
671 1658 831 1739 petiturus,
864 1657 897 1721 in
922 1656 1003 1721 huno
1030 1656 1152 1721 modum
1176 1659 1401 1722 accusationem

249 1762 427 1825 instituerim
451 1780 491 1843 „a
514 1781 573 1844 qua
595 1764 826 1827 consecratione
848 1764 899 1827 vel
914 1762 1005 1845 regni
1020 1761 1200 1826 sublimitate
1216 1763 1401 1845 supplantari

251 1866 302 1928 vel
333 1867 442 1948 projici
472 1885 489 1929 a
523 1867 605 1931 nullo
638 1867 815 1947 debueram,
854 1869 987 1932 sallem
1020 1869 1104 1931 sine
1137 1868 1328 1932 audientia
1362 1877 1400 1931 et

246 1969 394 2055 judicio
433 1973 713 2055 episcoporum,
752 1986 908 2057 quorum
945 1974 1159 2038 ministerio
1194 1974 1230 2037 in
1265 1992 1397 2056 regem

249 2094 327 2141 sum
361 2086 627 2160 consecratus,
662 2087 695 2142 et
725 2081 777 2162 qui
811 2080 909 2144 mroni
935 2080 995 2143 Dei
1022 2087 1092 2144 sunt
1118 2079 1199 2160 dicti,
1230 2080 1264 2141 in
1291 2080 1401 2161 quibus

249 2183 334 2249 Dens
357 2183 445 2246 sedet
467 2190 498 2246 et
520 2202 578 2266 per
599 2202 675 2267 quaes
698 2203 753 2250 sua
776 2185 915 2249 decernit
931 2185 1063 2269 judicia:
1087 2204 1242 2268 qnorum
1265 2192 1402 2267 pater-

251 2290 309 2354 nis
342 2290 655 2371 correptionibus
683 2299 721 2354 et
748 2291 1018 2375 castigatoriis
1040 2291 1195 2375 judiciis
1223 2309 1278 2354 me
1307 2292 1402 2356 sub-

251 2392 343 2458 dere
366 2394 420 2457 lni
442 2402 593 2475 paratus
616 2402 653 2459 et
673 2397 712 2457 in
733 2399 931 2478 praesenti
954 2415 1032 2461 sum
1054 2397 1260 2461 subditus.“
1291 2397 1401 2474 (libell.

251 2498 493 2584 proclamationis
516 2499 546 2564 d.
569 2500 670 2564 Caroli
692 2500 759 2566 adv.
782 2502 881 2567 Venil.
906 2505 1018 2570 Senon.
1040 2521 1071 2567 n.
1094 2502 1115 2566 3
1137 2502 1229 2566 Hard
1251 2504 1289 2567 V.
1304 2503 1401 2578 488).

253 2610 356 2684 Quare
378 2625 479 2689 nemo,
512 2613 595 2689 puto,
628 2607 659 2671 in
686 2607 732 2672 bis
753 2609 909 2673 Nicolaum
931 2616 1066 2672 nostrum
1088 2609 1282 2692 arrogantiae
1303 2627 1401 2690 prae-

252 2714 468 2795 sumptionisve
492 2715 639 2795 arguerit.
666 2713 778 2777 Rerum
801 2715 1050 2798 investigatorem
1071 2721 1174 2778 autern
1196 2714 1226 2776 id
1247 2715 1287 2777 ibi
1309 2711 1396 2775 valde

252 2818 394 2899 delectat,
427 2818 523 2880 mirae
550 2818 629 2882 illius
657 2817 785 2899 arboris,
817 2838 895 2901 quae
922 2820 1019 2885 tribus
1046 2821 1177 2884 saeculis
1203 2825 1307 2902 postea
1329 2818 1398 2882 iere

251 2933 346 2990 totum
369 2925 475 2988 orbem
498 2923 690 2988 christianum
713 2923 895 3008 adimplevit,
923 2926 982 2990 hoc
1004 2924 1093 2991 modo
1117 2927 1203 3010 quasi
1223 2925 1345 2991 radices
1367 2933 1400 2988 et

251 3031 347 3113 prima
371 3031 508 3112 gemnina
530 3028 729 3111 prendidisse.

359 3218 380 3290 ¹)
398 3239 440 3291 ep.
457 3220 494 3277 83
511 3222 544 3276 ad
561 3222 633 3289 lun,
652 3220 711 3279 Gar.
731 3220 803 3278 Galv.
821 3222 850 3290 (l.
867 3239 892 3279 c.
910 3222 983 3290 924).

355 3306 379 3378 2)
397 3329 439 3381 ep.
459 3311 511 3366 149
530 3313 562 3364 ad
579 3311 653 3366 Loth.
672 3311 701 3379 (l.
719 3327 744 3367 c.
762 3310 852 3379 1149).

271 3415 273 3419 ¹
356 3395 378 3466 8)
397 3416 438 3455 er.
454 3415 494 3469 gr.
510 3417 534 3454 a.
545 3400 598 3455 855
611 3399 745 3452 hetherius
756 3399 778 3452 ll
793 3398 950 3451 ludovicum
965 3398 988 3452 11
1003 3400 1192 3468 imperatorem,
1205 3398 1301 3464 atejus
1317 3400 1399 3450 inter·

252 3487 372 3541 cessione
390 3486 510 3539 Nicolans
530 3485 623 3539 Carolo
647 3493 673 3538 et
690 3486 821 3538 ludovico
845 3502 937 3555 pacem
953 3488 1107 3540 servandam
1126 3487 1271 3541 inculcaret
1291 3487 1400 3553 (llincm.

251 3590 312 3629 ano.
329 3575 383 3631 865
407 3575 449 3629 ed.
466 3573 541 3626 Perta
559 3574 579 3628 1.
601 3573 653 3629 467
672 3574 731 3644 sq.),
759 3590 783 3630 a.
801 3574 854 3630 866
878 3578 938 3642 eppi
957 3592 1015 3642 syn.
1035 3562 1124 3631 suess.
1143 3575 1180 3629 da
1194 3574 1340 3629 Britonibns
1365 3573 1400 3624 aul

250 3661 421 3716 obedientiam
451 3661 537 3716 Caroli
564 3662 713 3732 redigendis
741 3663 829 3731 (llard.
851 3663 882 3718 V.
906 3664 978 3730 628),
1012 3672 1038 3716 et
1066 3664 1111 3719 itd.
1138 3661 1292 3716 llelletrudis
1321 3659 1420 3712 vidua

249 3751 398 3818 Berengurii
422 3753 455 3806 de
478 3750 598 3820 cogendo
623 3751 655 3805 ad
679 3743 865 3804 restitutionem
888 3750 1007 3804 bethario
1030 3752 1096 3819 (llic.
1112 3768 1163 3820 ep.
1185 3748 1237 3802 112
1257 3747 1294 3802 11.
1319 3748 1402 3815 1115)

248 3841 333 3907 ipsum
350 3839 482 3893 Nicolaum
508 3840 638 3905 adierunt,
666 3839 780 3894 similiter
797 3839 884 3909 paullo
902 3846 962 3908 post
979 3841 1005 3891 in
1024 3841 1098 3893 simili
1116 3852 1194 3893 cansa
1212 3834 1401 3890 Carlomannus

249 3925 318 3982 tilius
337 3925 422 3983 caroli
439 3927 513 3984 Calvi
530 3928 684 3982 Hadrianum
700 3929 732 3986 ll.
757 3928 803 3996 (ct.
820 3927 898 3984 llard.
915 3927 946 3979 V.
965 3926 1036 3995 720).

616 4119 1034 4137 m
