3084 4838
674 265 726 343 25

4 538 6 563 ,
129 500 192 549 uon
212 480 340 546 humana
362 473 505 558 snperbia
526 490 632 539 rursus
655 474 686 536 iu
707 472 827 536 irrierm
845 471 995 553 demergi,
1017 478 1050 535 ut
1064 477 1097 535 et
1111 467 1272 533 Christiani

4 576 6 591 ³
129 591 327 670 imperatores
354 600 411 663 pro
439 588 563 644 aeterna
590 581 652 649 uita
679 578 867 661 pontificibus
895 575 1076 659 indigerent,
1109 582 1141 639 et
1167 575 1272 657 ponti-

129 694 201 758 fices
234 709 292 773 pro
327 704 419 750 eursu
452 686 658 766 temporalium
692 682 895 748 tantummodo
927 699 1032 745 rerum
1068 680 1273 761 imperialibus

127 799 249 881 legibus
277 798 443 872 uterentur,
477 799 625 874 quatenus
654 791 815 872 spiritualis
842 789 922 853 aetio
948 785 1120 851 oamnlibus
1149 784 1272 848 distaret

129 900 311 967 iucursibus.
354 899 393 962 ttt
414 897 483 961 ideo
506 898 633 959 militaus
656 898 723 961 Deo
746 896 867 959 minime
890 913 926 958 se
947 892 1079 976 negotiis
1102 889 1273 955 saeculari-

132 1009 191 1071 hus
223 1004 398 1086 implicaret,
433 1022 470 1066 ac
502 1003 634 1065 vicissim
669 1019 728 1064 nou
761 1001 811 1063 ille
839 1002 932 1064 rebus
960 999 1067 1062 divinis
1094 993 1273 1079 praesidere

132 1110 297 1189 videretur,
318 1111 369 1190 qui
381 1115 465 1172 esset
475 1108 606 1189 negotiis
621 1104 827 1171 saecularibus
845 1106 1022 1186 implicatus,
1042 1083 1076 1166 ut
1087 1109 1118 1164 et
1128 1099 1276 1167 modestia

130 1218 284 1297 utriusque
307 1213 420 1277 ordinis
443 1218 611 1289 curaretur,
635 1229 674 1272 ne
698 1211 895 1273 extolleretur
916 1216 1046 1289 utroque
1069 1205 1219 1285 suffultum,
1242 1211 1277 1269 et

128 1328 305 1403 competens
334 1317 521 1399 melanthus
548 1318 698 1380 actionum
721 1315 893 1397 specialiter
915 1312 1064 1395 professio
1087 1311 1275 1394 aptaretur.“

233 1425 318 1487 Hunc
340 1430 472 1486 mutuam
493 1424 650 1502 utriusque
672 1422 829 1503 potestatis
841 1421 1012 1483 libertatem
1026 1417 1136 1482 deiude
1153 1417 1276 1498 saepius

130 1531 323 1610 strictiusque
352 1528 489 1600 omuibus
517 1545 558 1589 ex
579 1528 712 1608 partibus
734 1532 913 1609 prosecutus
937 1532 993 1588 est.
1038 1522 1170 1605 ‚,Nolite,
1202 1521 1224 1584 l.
1247 1539 1276 1586 o.

130 1634 311 1700 llichaelem
342 1633 557 1713 imperatorem
589 1632 745 1711 obsecrat,
784 1631 1001 1713 praeJudioium
1032 1630 1092 1692 Dei
1124 1625 1276 1690 eeclesiae

131 1741 287 1823 irrogare3
316 1737 372 1801 illax
389 1738 500 1818 quippe
521 1736 634 1801 nullum
657 1737 783 1818 imperio
806 1742 909 1798 vestro
932 1732 1149 1817 praejudicium
1171 1731 1276 1812 infert,

132 1863 231 1926 qurumv
255 1844 351 1925 magis
379 1861 435 1923 pro
462 1842 621 1906 stabilitate
648 1842 742 1923 ipsius
770 1849 927 1903 aeternam
955 1839 1138 1903 divinitatem
1166 1844 1276 1901 exoret

130 1955 163 2012 et
195 1968 251 2030 pro
285 1945 489 2011 incolumitate
522 1955 625 2011 uestra
660 1955 692 2010 et
724 1955 872 2029 perpetua
898 1945 994 2010 salute
1018 1946 1087 2029 Jugi
1113 1944 1275 2007 devotione

129 2061 283 2140 precetur.
305 2053 403 2118 Nolite
417 2071 494 2133 quoe
509 2070 564 2116 sua
578 2060 648 2116 suut
662 2054 827 2134 surripere,
842 2051 936 2115 nolite
951 2070 1034 2134 quee-
1043 2051 1101 2133 ipsi
1115 2050 1171 2115 soli
1186 2067 1275 2113 eorn-

129 2161 222 2223 missa
243 2165 321 2237 suut,
344 2158 425 2220 velle
447 2159 614 2239 surripere,
637 2159 780 2237 scientes,
803 2159 874 2239 qrria
894 2165 977 2249 tanto
991 2158 1131 2221 nimirum
1145 2175 1164 2219 n
1180 2155 1276 2219 sacris

130 2262 223 2328 dehet
238 2265 334 2330 omnis
348 2263 565 2328 mundanarum
577 2283 680 2328 rerum
691 2263 911 2329 administrator
923 2281 992 2328 esse
1004 2270 1149 2342 remotus,
1166 2266 1277 2344 quanto

131 2370 296 2453 quemlibet
319 2387 360 2432 ex
382 2370 520 2453 catalogo
543 2371 723 2435 clericorum
746 2378 779 2434 et
799 2370 984 2435 militantium
999 2372 1066 2434 Deo
1088 2368 1176 2432 nullis
1197 2384 1276 2431 eon-

130 2477 215 2539 veuit
235 2474 381 2556 implicari
403 2475 608 2539 soecularibus
630 2477 790 2558 negotiis.“
832 2477 962 2555 „Sancta
983 2477 1042 2540 Dei
1064 2475 1205 2551 eeclesia,
1237 2470 1277 2533 nd

132 2581 272 2645 Gerolum
299 2580 493 2662 archieppum
519 2579 727 2662 Moguntinnm
754 2580 875 2662 scripsit
908 2586 974 2661 (ep.
1002 2579 1045 2641 26
1072 2578 1093 2641 l.
1123 2596 1152 2641 c.
1180 2575 1275 2656 811),

131 2685 288 2751 mundanis
310 2703 460 2767 uunquam
483 2686 698 2768 constringitur
720 2684 849 2767 legibus,
874 2684 1006 2768 gladium
1028 2701 1088 2746 uon
1110 2682 1201 2745 hebet
1219 2681 1276 2751 uisi

132 2790 318 2879 spiritualem
345 2809 382 2853 eo
409 2790 551 2871 divinum,
585 2809 646 2855 nou
674 2791 783 2854 oceidit
810 2791 866 2855 sed
892 2790 1054 2853 vivificat.“
1099 2789 1277 2869 „Principes

133 2900 245 2970 autem,
269 2893 326 2954 alio
348 2892 416 2955 loeo
439 2895 480 2954 ait
502 2896 549 2968 (iu
570 2896 648 2974 priv.
672 2896 793 2975 Corbej.
807 2896 828 2957 l.
845 2913 872 2956 e.
889 2893 982 2973 817),
1006 2894 1118 2957 debent
1131 2895 1278 2955 honorem

134 3000 304 3079 praestare
318 2994 396 3074 Deo,
431 3014 521 3077 quem
550 2997 606 3058 sihi
635 2997 739 3061 volunt
760 3000 907 3079 praestari
929 3017 947 3062 a
969 3000 1047 3079 Deo,
1081 2997 1223 3063 videlieet
1244 3005 1278 3062 ut

132 3099 384 3184 quemadmodum
407 3101 529 3181 cupiunt
550 3120 568 3163 e
590 3104 656 3167 Deo
678 3103 735 3165 sihi
758 3103 896 3167 collatum
918 3106 1008 3187 regni
1029 3106 1175 3170 honorem
1198 3123 1276 3168 con-

132 3206 262 3286 servari,
278 3206 323 3268 sic
339 3205 490 3269 eeclesiae
502 3207 612 3270 Christi
626 3225 710 3271 snam
721 3226 782 3271 non
794 3207 996 3291 dedignentur
1006 3227 1132 3273 servare
1143 3210 1276 3291 legem.“

133 3314 325 3393 Quapropter
348 3329 402 3375 eos
425 3311 575 3375 ecelesiae
597 3313 710 3375 invitae
731 3314 897 3396 praelatum
919 3334 979 3378 neo
999 3314 1072 3377 dure
1087 3312 1113 3388 ¹)
1136 3331 1195 3376 nee
1217 3332 1277 3376 eu-

132 3413 270 3497 ferre,²)
293 3417 383 3479 immo
405 3416 478 3479 nihil
500 3418 620 3482 omnino
643 3418 682 3482 de
703 3420 918 3486 ecelesiasticis
932 3422 1072 3505 personis
1083 3421 1232 3503 judicare,
1247 3416 1276 3494 8)

132 3569 345 3590 μ

240 3640 266 3707 1)
286 3640 479 3711 01420143
498 3644 530 3710 (l.
549 3660 572 3698 e.
590 3644 644 3700 842
663 3648 727 3716 sup),
744 3664 787 3717 ep.
805 3648 841 3704 95
859 3651 892 3703 ad
911 3649 969 3706 Cor.
988 3649 1059 3705 Calv.
1078 3650 1110 3715 (Ι.
1129 3666 1152 3706 c.
1170 3651 1248 3720 976).

131 3750 134 3763 ·
237 3727 265 3796 ²)
285 3747 327 3798 ep.
346 3731 398 3786 100
416 3732 449 3784 ad
467 3730 543 3787 Bard.
562 3731 638 3787 Caes.
656 3733 688 3798 (1.
706 3752 731 3789 e.
749 3735 843 3800 1054),
862 3752 905 3805 ep.
923 3737 984 3802 101,
1002 3737 1063 3803 104,
1087 3748 1114 3791 et
1130 3743 1233 3810 saepius
1251 3744 1277 3796 iu

132 3835 213 3872 oense
229 3817 368 3886 lgnntiena.

239 3898 265 3971 ³)
290 3922 333 3975 ep.
350 3906 385 3961 86
408 3907 469 3963 Le.
487 3905 541 3960 960
563 3905 698 3978 „Denique
721 3907 756 3974 hi,
780 3909 871 3980 quibus
893 3919 989 3964 tentum
1011 3911 1127 3966 humanis
1149 3915 1228 3968 rebus
1251 3926 1279 3970 et

133 4009 187 4047 nou
209 3993 300 4045 divinis
324 3998 448 4062 praeesse
470 3997 631 4065 permissum,
659 3997 788 4067 quomodo
811 3998 914 4067 dehis,
940 4015 989 4069 per
1011 4016 1078 4070 quos
1099 4002 1184 4057 divina
1202 4003 1278 4056 mini-

133 4089 254 4147 strentur,
276 4082 392 4134 indicere
413 4093 585 4152 praesumant,
606 4087 707 4154 penitus
724 4087 899 4159 ignoramuo.“
934 4087 1014 4158 idque
1032 4090 1135 4159 saepius
1153 4090 1179 4144 in
1197 4107 1276 4149 cause

133 4169 216 4226 l‘hotii
234 4176 261 4224 et
276 4169 366 4240 Ignatii
384 4171 434 4239 (cl.
452 4187 495 4240 ep.
514 4171 558 4238 98,
577 4174 655 4243 104).
1268 4178 1270 4189 ’
