3084 4838
868 348 893 419 4

309 553 525 634 centenam)
552 555 705 634 ,omnium
729 554 936 619 infirmantium
960 555 1214 622 imbecillitatibus
1236 558 1400 624 subvenire
1424 569 1457 624 et

309 679 429 725 manum
457 659 689 725 confirmationis
717 679 791 725 suae
815 661 936 724 omnino
958 661 1062 724 libenti
1089 664 1251 745 porrigere
1271 663 1454 739 debent‘ff)

256 826 258 831 ,
310 766 530 847 „considerato
540 768 621 827 enirn
631 767 797 830 ministerio
808 775 922 845 nostro,
935 767 973 831 ad
984 767 1131 850 ignatium
1143 769 1189 832 ct.
1200 771 1306 834 scribit
1316 778 1381 854 (ep.
1391 771 1451 835 101

309 872 329 935 l.
353 890 380 935 c.
406 871 519 952 1058),
544 871 624 953 quod
644 871 784 936 divinitus
798 892 855 955 per
870 874 900 936 b.
914 875 1037 936 Petrum
1052 875 1218 955 apostolum
1233 877 1272 939 ad
1286 895 1341 941 nos
1357 896 1456 959 usque

309 977 477 1040 derivatum
493 978 692 1059 suscepimus,
709 996 768 1042 non
785 986 832 1042 est
847 997 902 1059 pro
917 977 1058 1042 iratribus
1069 980 1180 1041 nostris
1192 980 1300 1044 silendi
1317 982 1454 1062 facultas,

308 1082 416 1163 quibus
444 1083 540 1166 nraj0r
567 1091 598 1146 et
625 1083 722 1147 honor
750 1093 781 1148 ct
808 1103 885 1148 onus
914 1085 1029 1148 cunctis
1057 1084 1237 1147 christianae
1274 1088 1394 1167 pietatis
1422 1097 1457 1152 et

308 1189 506 1252 ecelesiarum
539 1191 736 1252 correctionis
768 1191 871 1252 inesse
905 1188 1020 1252 debere
1054 1188 1221 1252 sollicitudo
1253 1189 1452 1273 dignoscitur.

308 1295 497 1358 Sustinemus
525 1295 636 1376 qnippe
666 1303 853 1375 cunctorum,
884 1295 934 1377 qui
962 1301 1140 1376 premuntur
1163 1297 1346 1377 gravamina,
1379 1299 1453 1378 quin

309 1400 406 1480 potius
434 1401 562 1463 sustinet
589 1401 620 1461 in
642 1402 730 1464 nobis
752 1401 829 1463 haec
851 1419 876 1464 s.
900 1403 1007 1464 Petrus
1030 1400 1191 1481 apostolus,
1226 1403 1277 1482 qui
1299 1402 1329 1463 in
1352 1403 1453 1464 omni-

308 1505 380 1583 bus,
418 1513 451 1568 ut
485 1504 675 1585 confidimus,
716 1506 979 1569 administrationis
1011 1523 1086 1569 suae
1119 1507 1251 1588 protegit
1283 1524 1320 1568 ae
1352 1514 1456 1570 tuetur

307 1607 536 1684 haeredes.“⁸)
581 1611 689 1690 „Sicut
711 1612 804 1694 igitur
826 1630 886 1674 non
908 1612 978 1674 leve
1002 1610 1164 1674 discrimen
1186 1611 1330 1675 incumbit
1347 1613 1454 1675 Ponti-

308 1716 424 1794 ficibus,
458 1715 578 1801 siluisse
613 1735 669 1798 pro
703 1717 864 1780 divinitatis
897 1715 977 1779 cultu
1011 1723 1043 1777 et
1070 1716 1222 1778 ecclesiae
1250 1718 1454 1796 correctione,

308 1821 389 1904 quod
411 1823 561 1905 congrait,
584 1823 625 1884 ita
647 1821 705 1899 his,
729 1821 809 1903 qnod
832 1821 919 1899 absit,
942 1839 1003 1884 non
1026 1820 1181 1884 mediocre
1204 1822 1372 1903 periculum
1396 1831 1452 1903 est,

246 1915 249 1922 ¹
308 1929 359 2009 qui
382 1947 473 2009 quum
496 1926 626 1989 debeant
645 1943 766 2006 parere,
791 1920 1027 2006 despiciant.“⁴)
1385 1956 1388 1963 »
1452 2006 1455 2013 .

414 2034 498 2095 Haec
526 2031 613 2097 Sedis
641 2031 835 2111 Apostolicae
869 2048 983 2094 summa
1018 2028 1186 2105 sollicitudo
1221 2049 1257 2093 ao
1291 2032 1452 2098 dominatio

309 2123 410 2202 autem
445 2136 534 2200 simul
566 2154 622 2217 pro
656 2142 717 2198 tota
751 2138 883 2199 ecclesio
917 2136 1039 2224 maximi
1072 2138 1230 2218 momenti,
1271 2157 1326 2220 pro
1360 2141 1455 2224 rebus

308 2244 446 2307 omnibus
481 2250 512 2305 et
547 2241 684 2305 civilibus
719 2249 751 2303 et
778 2242 994 2327 ecelesiasticis
1020 2240 1087 2302 iere
1115 2244 1290 2305 necessaria
1318 2253 1374 2309 est.
1419 2245 1453 2307 ln

309 2351 375 2430 ipsa
398 2348 478 2409 enim
501 2348 591 2409 totius
609 2347 688 2427 juris
711 2354 743 2409 et
765 2346 867 2409 salutis
890 2347 1028 2427 publicae
1051 2346 1209 2427 securitas,
1239 2355 1333 2413 status
1356 2352 1453 2414 omnis
1538 2386 1539 2423 ι

305 2454 493 2517 incolumitas
521 2468 558 2513 ac
585 2449 781 2513 moderamen
810 2452 954 2514 consistit.
1006 2453 1189 2535 „Privilegia
1219 2457 1248 2519 S.
1277 2456 1328 2534 A,
1357 2457 1406 2535 ait,
1423 2454 1452 2531 ⁵)

306 2560 439 2643 tegmina
472 2563 542 2621 sunt
574 2556 664 2619 totius
693 2557 843 2619 ecelesiae
872 2556 1048 2635 catholicae,
1083 2559 1245 2621 munimina
1272 2568 1340 2623 sunt
1368 2562 1452 2624 circa
1536 2592 1537 2597 ι

307 2684 412 2729 omnes
451 2665 580 2744 impetus
619 2663 841 2742 pravitatum;“
882 2661 989 2725 eadem
1026 2669 1061 2726 ut
1097 2664 1155 2728 alio
1191 2664 1260 2727 loco
1292 2663 1449 2742 scribit,⁰)
1535 2668 1536 2685 ¹

307 2771 419 2849 „totius
453 2775 523 2832 sunt
557 2752 667 2829 Christi
699 2768 836 2828 remedia
871 2768 1022 2830 ecclesiae
1054 2769 1227 2845 catholicae,
1266 2774 1335 2829 sunt
1366 2768 1449 2829 Petri
1534 2768 1535 2773 ’

306 2892 389 2937 arma
428 2879 532 2937 contra
566 2890 671 2936 omnes
705 2874 835 2954 impetus
869 2874 1048 2955 pravitatum
1081 2883 1113 2937 et
1133 2872 1324 2936 vmunimenta
1358 2880 1449 2954 atque

306 2980 485 3041 documenta
512 2979 631 3061 Domini
659 2978 850 3041 sacerdotum
880 2987 911 3042 et
940 2980 1099 3043 omnium
1128 2995 1296 3062 prorsus,
1330 2978 1392 3060 qui
1413 2980 1449 3040 in

412 3201 436 3267 ¹)
454 3205 520 3272 priv.
540 3203 644 3272 Corbej.
664 3207 695 3272 (l.
715 3225 738 3263 c.
757 3207 833 3273 815).

407 3289 434 3358 2)
452 3294 518 3360 priv.
538 3293 604 3349 eccl.
622 3294 754 3350 Bellonae.
775 3296 806 3359 (i.
826 3311 849 3348 c.
867 3292 940 3358 813).

408 3377 434 3445 ³)
451 3380 549 3434 Eadem
567 3382 623 3435 iere
638 3382 691 3446 jam
711 3382 818 3434 Siricius
836 3381 861 3430 in
881 3395 923 3445 ep.
943 3378 957 3429 1
978 3377 1010 3427 ad
1028 3374 1123 3430 liimer.
1140 3373 1229 3430 babet:
1253 3379 1350 3450 „officii
1368 3381 1449 3433 nostri

305 3467 512 3521 consideratione
535 3485 587 3522 narr
612 3476 653 3520 est
674 3468 748 3518 nobis
774 3465 934 3516 dissimulare
960 3479 1012 3514 non
1036 3470 1076 3515 eat
1103 3471 1191 3517 tacere
1213 3465 1327 3531 libertas,
1356 3467 1448 3535 quibas

303 3554 385 3621 major
402 3558 502 3609 cunctis
515 3555 673 3608 Christianae
689 3552 824 3620 religionis
843 3550 914 3602 zelus
932 3551 1062 3606 incumbit
1090 3553 1223 3607 Portemus
1236 3569 1314 3606 onera
1326 3552 1448 3617 omnium,

304 3644 346 3711 qni
365 3653 510 3711 gravmtur,
529 3642 588 3708 quin
607 3640 683 3691 immo
702 3639 767 3691 haec
786 3647 870 3707 portat
887 3641 913 3691 in
931 3639 1006 3692 nobis
1023 3640 1049 3695 b.
1068 3640 1200 3709 apostolus
1217 3641 1316 3701 Petrus,
1335 3637 1378 3706 qui
1397 3654 1449 3692 nos

303 3733 328 3781 in
347 3731 472 3793 omnibus,
490 3738 518 3779 ut
536 3726 696 3793 confidimus,
715 3727 938 3780 administrationis
957 3744 1020 3782 suae
1037 3729 1149 3797 protegit
1161 3735 1186 3779 et
1196 3733 1280 3777 tuetur
1291 3723 1449 3782 haerodes.“

304 3817 450 3881 (Constant.
468 3815 567 3886 „Epist
585 3815 658 3870 Rom.
677 3816 787 3869 Pontif.“
805 3815 824 3880 l,
843 3814 917 3881 624).

403 3901 428 3970 ⁴)
447 3918 490 3971 cp,
507 3901 544 3957 86
562 3903 595 3955 ad
613 3902 687 3957 hlieh.
705 3904 765 3971 inrp.
783 3904 801 3958 l.
820 3921 844 3959 c.
863 3903 925 3958 959.
960 3905 994 3958 Et
1016 3906 1072 3971 ipsa
1091 3900 1157 3952 baec
1174 3907 1235 3952 aunt
1252 3899 1333 3953 verba
1351 3899 1447 3955 Gelaaii

301 3994 332 4045 ad
351 3993 439 4047 Anasi.
456 3993 572 4060 imperat.
591 3990 683 4055 illaad.
701 3991 732 4046 ll.
749 3991 826 4056 893).

404 4076 431 4142 5)
454 4095 495 4148 ap.
513 4077 549 4134 ³5
562 4079 606 4132 ad
624 4095 706 4147 eppoa
725 4097 783 4146 syn.
802 4079 939 4133 Silvanect.
960 4075 992 4140 (l.
1011 4092 1035 4131 c.
1052 4074 1130 4139 882),
1148 4075 1182 4132 ci.
1201 4091 1244 4144 ep.
1262 4075 1297 4130 98
1315 4076 1348 4127 nd
1369 4075 1446 4130 hiel.

299 4168 358 4236 imp.
378 4167 410 4232 (1.
429 4185 452 4221 e.
471 4155 565 4232 1026),
584 4183 625 4235 ep.
644 4166 697 4221 104
716 4167 748 4219 nd
767 4164 834 4220 Cler.
853 4164 892 4219 Gt
911 4164 943 4230 (Ι.
962 4180 986 4220 c.
1005 4163 1095 4231 1070).
1147 4198 1149 4203 ·

402 4254 429 4318 6)
449 4254 670 4323 epotatura.
690 4253 762 4310 Cala.
782 4253 813 4319 tl.
833 4270 856 4309 c.
874 4251 951 4316 836).
1084 4274 1087 4279 ·
