3084 4838
681 270 734 355 an

134 486 245 557 adesse
269 488 430 574 eogamr;“
443 485 467 573 ¹)
512 488 668 552 Honorius
696 495 729 552 et
754 489 908 554 Arcadius
936 496 1037 555 autem
1062 477 1127 574 jam
1156 473 1184 554 a.
1206 490 1268 555 42¹

134 597 233 664 simile
263 592 337 680 quid
365 593 405 657 ad
433 594 541 658 sedem
571 594 936 676 constantinopolitanam
973 595 1143 660 transleme
1177 584 1277 659 moliti

132 712 213 784 sunt,
237 701 400 765 Praefecto
423 699 533 782 lllyrici
555 699 793 782 praecipientes,
818 708 852 765 ut
877 701 923 780 „si
946 701 1019 783 quid
1042 700 1085 764 ibi
1108 702 1273 766 dubietatis

132 804 307 886 emerserit,
341 806 372 869 id
405 812 563 887 oporteret
597 823 659 868 non
693 806 811 888 absque
844 807 975 870 scientia
1009 824 1094 869 revv.
1129 808 1274 870 antistitis

132 915 219 979 urbis
248 912 418 994 Ctpltanae,
455 930 536 993 quae
564 910 681 974 Rornae
708 913 824 975 veteris
853 912 1068 997 praerogativa
1096 910 1277 992 laetareturp

134 1019 298 1082 conventui
321 1012 503 1082 sacerdotali
529 1023 699 1098 sanctoque
719 1017 838 1099 judicio
861 1019 1035 1082 reservari“
1072 1012 1105 1102 (l.
1128 1016 1171 1080 45
1196 1017 1274 1082 Gods

134 1124 249 1189 Theoti,
271 1120 350 1203 Xlll,
379 1124 430 1198 2).
475 1122 665 1204 Emergente
695 1122 807 1186 deinde
835 1142 893 1205 per
919 1123 1097 1188 Nestorium
1126 1123 1271 1206 graviore

132 1228 309 1308 schismate,
338 1228 470 1310 cyrillus
498 1227 670 1309 patriarcba
692 1208 920 1291 Alexandrinus
947 1228 986 1291 ad
1010 1227 1216 1292 Caelestinum
1238 1221 1275 1292 l'.¹

130 1335 236 1399 retulit
257 1334 306 1397 bis
323 1333 443 1398 verbis:
467 1328 532 1413 „ani
556 1328 672 1414 μακροὶ
698 1337 769 1396 saia
793 1330 979 1418 ἐκκλησιῶν
1002 1325 1070 1418 ἔθη
1092 1329 1277 1414 πείθουσι,ἶ

132 1436 411 1504 deuteronomius
434 1443 479 1523 τῇ
503 1457 566 1501 σου
591 1432 768 1522 becennest
791 1438 982 1521 (Mansicoll.
997 1438 1270 1518 enneminta).
1324 1452 1326 1455 ’

132 1545 224 1621 Quod
246 1545 328 1607 idem
351 1544 540 1606 lastinianus
564 1543 732 1624 imperator
759 1544 809 1606 vel
834 1545 948 1627 publici
965 1545 1047 1630 juris
1071 1542 1147 1606 iecit
1181 1550 1227 1620 (c.
1251 1542 1274 1604 t

131 1668 177 1732 pr.
202 1650 234 1712 C.
257 1649 282 1728 l,
307 1649 359 1721 l):
397 1647 524 1730 „Neque
547 1649 687 1731 patimur,
723 1655 756 1712 ut
784 1650 946 1731 quicqua-m
976 1666 1095 1725 eorum,
1130 1667 1209 1731 quae
1233 1648 1272 1711 ad

133 1754 377 1818 ecclesiasticum
408 1760 548 1835 spectant
575 1761 703 1833 statum,
738 1771 802 1817 non
831 1755 923 1818 etiam
951 1753 991 1816 ad
1016 1752 1125 1836 Papam
1153 1734 1276 1818 veteris

131 1858 246 1924 llomae
270 1860 439 1941 referatur,
470 1876 562 1941 quum
590 1860 631 1924 sit
653 1866 743 1942 eaput
767 1860 900 1924 omnium
925 1859 1188 1924 sanctissimorum
1210 1861 1272 1925 Dei

132 1966 358 2030 sacerdotum.“
381 1966 447 2030 Nec
470 1966 618 2048 deinceps
641 1984 776 2048 unquam
798 1965 860 2029 boc
882 1965 1075 2048 principium,
1099 1967 1216 2048 majora
1240 1972 1273 2029 et

133 2071 225 2134 dubia
247 2071 320 2135 tidei
341 2071 391 2134 vel
415 2071 593 2151 disciplinae
616 2072 744 2154 negotia
767 2070 805 2133 ad
828 2070 857 2135 S.
882 2071 919 2134 Α.
941 2070 1120 2151 referenda,
1156 2071 1271 2135 oblite-

131 2184 229 2239 ratum
254 2183 312 2239 est.
335 2174 495 2239 Ennodius
519 2178 646 2239 ineunte
668 2176 707 2238 Vl
731 2178 856 2239 saeculo
880 2177 1022 2259 ejusdem
1045 2183 1079 2239 ut
1101 2178 1272 2241 communis

132 2283 307 2346 sententiae
329 2283 516 2344 mentionem
542 2277 658 2366 laeit,²)
693 2281 836 2364 Pelagius
858 2281 890 2344 P.
913 2277 983 2368 tl‚³)
1019 2281 1192 2364 Gregorius
1215 2279 1273 2367 1‚⁴)

133 2387 300 2449 identidem
326 2386 484 2449 decretum
508 2387 708 2451 innocentiil
732 2388 897 2468 vindicant,
921 2393 954 2450 et
975 2394 1010 2450 ut
1032 2388 1132 2450 statim
1155 2387 1272 2451 Nicolai

133 2499 271 2573 tempora
295 2492 451 2577 attingam,
474 2493 523 2556 vel
545 2493 654 2556 carolo
678 2493 791 2575 blagno
819 2492 852 2556 id
874 2493 1105 2556 usitatissimum
1128 2499 1161 2555 et
1183 2495 1274 2574 quasi

132 2617 188 2682 pro
212 2599 285 2682 lege
309 2605 384 2661 erat.
431 2599 489 2673 Qui
524 2598 562 2662 de
596 2598 691 2661 rebus
724 2597 796 2661 fidei
831 2604 863 2660 et
897 2596 1075 2678 disciplinae
1110 2596 1212 2661 dubiis
1239 2599 1272 2661 id

133 2705 248 2769 diserte
273 2705 366 2768 docet
387 2705 417 2767 in
441 2705 507 2768 libr.
532 2704 631 2768 Garol.
655 2704 679 2779 l,
703 2721 731 2768 c.
755 2703 786 2784 6,
816 2710 849 2767 et
879 2702 969 2766 iactis
998 2719 1096 2786 saepe
1118 2710 1274 2768 executus

133 2818 190 2873 est.
203 2809 232 2884 ⁵)

168 2985 194 3049 ¹)
211 2983 279 3037 Nor.
296 2985 397 3037 constit.
418 2982 479 3050 imp.
497 2982 594 3038 Tbeod.
612 2982 635 3035 ll
653 2990 703 3036 etc.
726 2980 769 3037 etl.
787 2981 883 3034 liaeael
906 2981 944 3037 tit.
960 2980 1025 3035 xvt.
1259 3009 1263 3015 ·

166 3076 192 3137 ²)
210 3071 256 3125 lib.
275 3069 430 3139 apologetic.
455 3086 503 3138 pro
527 3086 583 3135 syn.
606 3071 680 3122 Rom.
702 3070 782 3134 (blan.
805 3069 921 3124 biblioth.
941 3070 1010 3124 Patr.
1035 3070 1078 3126 ed.
1101 3071 1183 3141 bugd.
1201 3068 1271 3127 1677

129 3170 150 3216 t.
165 3160 208 3215 ΙΧ.
230 3176 257 3228 p.
275 3158 330 3212 380
346 3159 391 3224 Β.)
415 3157 508 3226 „legite
526 3158 692 3209 insanissimi:
715 3143 850 3226 aliquando
872 3159 898 3209 in
921 3158 1038 3212 conciliis
1061 3169 1165 3227 praeter
1186 3158 1273 3230 Aplioi

131 3249 210 3317 apicis
229 3248 385 3302 sanctionem
405 3244 500 3316 aliquid
519 3246 690 3310 constitutum,
708 3254 733 3297 et
751 3261 803 3297 non
822 3243 855 3296 de
872 3244 1011 3310 majoribus
1029 3246 1139 3313 negotiis
1157 3247 1272 3312 praelate

133 3334 208 3387 Sedis
226 3336 329 3388 arbitrio
348 3336 428 3388 luisse
447 3333 617 3388 servatum?“

170 3425 196 3489 ⁸)
213 3423 341 3492 Pelagii
358 3440 401 3491 ep.
418 3423 435 3476 6
453 3423 485 3475 ad
502 3423 594 3476 Joann.
613 3420 752 3475 Patriarcb.
772 3419 812 3475 Gt.
830 3420 918 3488 (llard.
936 3418 978 3486 tlt,
994 3414 1073 3487 442)=
1097 3419 1227 3487 „majores
1246 3429 1273 3472 et

133 3512 252 3567 difficiles
271 3512 444 3580 quaestiones,
463 3520 491 3564 ut
509 3529 531 3567 a.
549 3510 663 3578 synodus
683 3510 768 3563 statuit
786 3517 812 3561 et
828 3509 854 3564 b.
873 3508 1033 3562 consuetudo
1052 3509 1138 3579 exigit,
1157 3509 1189 3561 ad
1204 3507 1272 3564 8.Α.

133 3617 236 3671 semper
249 3599 425 3669 ,retermtnrs‘
461 3598 525 3664 (Sed
543 3600 642 3663 nescio,
660 3615 721 3650 num
739 3599 801 3651 satis
820 3605 907 3651 certae
926 3598 986 3650 fidei
1004 3598 1068 3649 baec
1088 3595 1229 3665 epistola).

168 3692 195 3754 ⁴)
214 3690 248 3744 cf.
267 3685 432 3756 epistolarum
450 3686 481 3751 ΙΙ,
504 3687 523 3741 4
545 3687 577 3740 ad
594 3688 736 3741 Maximino.
755 3687 876 3752 Syracus.
893 3684 935 3750 lt,
952 3685 988 3739 50
1010 3685 1043 3738 ad
1060 3682 1151 3755 virgil.
1167 3682 1272 3749 Arelat,

135 3775 170 3830 52
188 3777 221 3829 ad
237 3777 307 3830 univ.
325 3792 408 3845 eppos
428 3774 564 3827 Galliarum
582 3773 727 3840 („discussa
747 3772 856 3828 veritate
874 3773 907 3823 ad
924 3781 1038 3826 nostrum
1053 3773 1179 3839 judicium
1198 3768 1271 3826 reie-

136 3864 234 3929 ratur“)
252 3862 305 3928 (ed.
319 3862 395 3929 jussu
414 3862 476 3916 sixti
494 3863 517 3913 V
533 3862 614 3915 Paris.
633 3862 703 3917 1605
720 3864 746 3914 in
764 3872 826 3914 tom.
842 3858 897 3927 w.)

171 3951 198 4015 Ι)
216 3949 284 4003 bibr.
301 3950 386 4007 Carni.
408 3952 428 4017 1,
450 3949 468 4006 6
489 3952 574 4016 „sicut
596 3952 689 4004 cetens
713 3948 844 4016 discipulis
868 3947 987 4016 apostoli,
1008 3948 1132 4016 apostobs
1155 3947 1271 4001 omuibus

134 4039 226 4092 Petrus
245 4037 353 4103 eminet,
374 4041 409 4092 ita
433 4041 527 4092 ceteris
551 4039 654 4092 sedibus
680 4037 838 4106 apostolieae
861 4045 887 4090 et
909 4035 1056 4106 apostolicis
1074 4038 1188 4090 llomana
1206 4038 1271 4090 emi·

134 4143 197 4180 nere
221 4126 391 4194 dignoscitur.
428 4128 499 4180 llaec
524 4129 590 4181 enim
618 4128 694 4181 nullis
718 4126 849 4193 synodicis
873 4125 1015 4177 constitutis
1038 4126 1130 4177 ceteris
1153 4125 1273 4179 ecclesiis

93 4223 96 4231 “
135 4215 248 4282 praelata
266 4222 315 4280 est,
333 4214 381 4267 sed
397 4214 478 4284 ipsius
486 4215 587 4270 Domini
601 4218 734 4272 autoritate
749 4215 882 4285 primatum
896 4220 974 4268 tenet.
1001 4212 1057 4266 llne
1074 4210 1273 4283 regulariter
