3084 4838
844 258 871 335 Θ

290 466 392 533 minua
421 485 512 552 qnam
539 468 675 535 omnium
704 486 892 534 coaevorum
921 468 1076 532 sententia
1098 467 1259 552 primatum
1286 475 1321 534 et
1341 472 1453 553 prin-

289 575 423 655 cipatum
445 575 479 639 in
500 574 667 641 uniuersali
690 574 825 639 ecelesia
848 572 1000 650 tenuisse,
1031 574 1136 655 itaque
1164 574 1276 639 merito
1298 574 1450 661 legisla-

286 686 387 743 torem
410 680 655 745 ecclcsissticum
679 680 739 743 dici
762 695 867 760 posse.

394 787 500 850 Statim
523 785 676 848 hocloco
703 783 862 867 singulare
890 781 1004 865 aliquid
1031 781 1236 865 legislationis
1262 786 1448 866 primore-r

287 889 467 954 Pontificum
489 889 696 954 Romanorum
719 888 893 952 addendum
918 895 982 967 est,
1011 888 1095 970 quod
1123 894 1155 951 et
1181 896 1293 970 postea
1321 895 1444 974 partin

288 996 398 1060 tenuit.
420 993 496 1058 Nam
519 1013 628 1059 eorum
651 995 740 1080 leges
763 995 865 1059 minus
889 994 1014 1057 decreto
1032 994 1117 1076 justu
1141 994 1240 1057 torna
1264 996 1334 1061 orbi
1357 1003 1444 1065 uni-

286 1117 380 1164 verso
402 1101 595 1186 promulgata
618 1119 708 1183 quam
730 1116 883 1183 responsu
905 1105 957 1163 aut
976 1099 1097 1162 litterae
1113 1098 1151 1161 ad
1167 1098 1299 1182 aliquam
1315 1111 1439 1171 certam

287 1223 450 1289 personam
474 1207 542 1271 datu
565 1213 664 1270 erunt.
699 1206 786 1281 Quae
809 1205 932 1288 quidem
955 1222 1051 1286 saepe
1074 1205 1266 1286 accipientes
1288 1210 1435 1294 episcopi

289 1311 432 1375 omnibus
464 1313 606 1398 regionis
640 1330 717 1376 suae
751 1310 948 1392 coepiscopis
976 1311 1205 1373 communicare
1227 1312 1434 1396 jubebantur,

287 1422 341 1479 aot
363 1418 454 1482 etiam
478 1418 676 1498 transscripta
699 1436 717 1479 a
740 1416 817 1496 Papa
841 1416 910 1495 ipso
933 1415 965 1478 in
988 1416 1087 1477 vanas
1111 1422 1210 1479 terras
1233 1419 1438 1485 mittebantur

290 1522 459 1603 (epistolae
482 1541 500 1585 a
523 1522 617 1603 pari).
662 1521 725 1585 Sed
747 1522 814 1583 sive
843 1520 904 1583 hoo
932 1522 1000 1584 sive
1028 1520 1088 1583 atio
1117 1521 1211 1584 modo
1237 1523 1270 1586 io
1292 1527 1439 1605 cujusvis
1517 1531 1518 1573 ³

288 1627 426 1691 notitiam
449 1625 682 1709 perveniebant,
710 1627 749 1691 ab
779 1643 819 1689 eo
847 1644 905 1709 pro
932 1644 1039 1689 norma
1064 1626 1145 1708 juris
1169 1627 1437 1696 adsciscebantur.

288 1732 392 1814 Atque
416 1750 509 1814 quun
537 1734 568 1796 in
598 1733 700 1796 dubiis
728 1752 767 1795 ea
794 1750 890 1795 nosse
914 1732 1049 1795 omnium
1073 1733 1235 1813 intererat,
1266 1751 1338 1795 mox
1359 1735 1434 1813 ipsa

289 1836 514 1920 colligebantur
529 1845 561 1901 et
575 1838 677 1900 codici
689 1855 839 1900 canonum
856 1836 1057 1900 addebantur.
1071 1835 1094 1923 ¹)
1117 1838 1165 1900 llo
1176 1836 1263 1901 modo
1274 1837 1426 1914 rescripto

289 1941 468 2007 Pontificum
481 1943 687 2007 Romanorum
703 1944 794 2006 etiam
809 1941 927 2004 Nicolai
950 1949 1090 2024 tempore
1112 1962 1169 2026 pro
1190 1939 1305 2024 legibus
1320 1937 1430 2003 babitu

291 2065 376 2126 esse,
400 2051 475 2111 satis
499 2048 614 2111 docent
635 2049 730 2110 verba
746 2048 901 2110 Hincmuri
919 2049 983 2131 jam
1007 2049 1239 2130 supralaudato
1265 2041 1323 2129 (cl.
1337 2064 1368 2126 p.
1381 2044 1435 2132 6),

291 2152 393 2228 Quare
404 2152 486 2216 baud
501 2160 619 2216 temere
635 2160 688 2217 eut
703 2154 801 2216 inscie
817 2153 859 2229 tit,
875 2154 903 2215 si
919 2154 951 2214 in
967 2155 1169 2235 sequentibus
1185 2154 1245 2215 toci
1261 2171 1303 2214 ex
1318 2152 1436 2214 titteris

288 2258 406 2324 Nicolsi
430 2259 468 2323 etl
483 2258 620 2343 singulas
637 2278 788 2341 personas
807 2260 885 2322 datis
909 2260 996 2340 quasi
1020 2277 1146 2322 normae
1168 2256 1335 2320 canonicae
1351 2259 1435 2319 uni-

289 2365 418 2427 uersalis
442 2364 595 2426 ecclesiae
613 2364 821 2444 proteruntur.
845 2362 929 2424 idem
953 2364 1082 2444 prorsus
1106 2365 1227 2448 Regino
1240 2363 1437 2446 Prirmensis,
1519 2412 1520 2419 r

289 2467 355 2552 lvo,
385 2468 547 2534 Gratianus
570 2475 603 2531 et
624 2484 733 2531 omncs
757 2486 909 2531 cononum
933 2468 1117 2533 collectores
1141 2470 1295 2534 lecerunt.

290 2767 372 2836 Dc
411 2761 622 2852 singuiis
653 2760 789 2846 ‚turis
819 2661 1155 2833 {Icclcsiustici
1187 2763 1435 2851 portibus,

383 2888 508 2961 quus
530 2867 758 2944 Nicotaus
787 2863 1214 2941 constitutionibus
1241 2869 1347 2943 suis

733 2971 991 3061 promovit.

399 3134 432 3200 Si
461 3136 515 3220 jus
548 3131 754 3217 pontilicium,
794 3133 877 3216 quod
917 3140 949 3195 et
985 3134 1084 3214 ipsum
1118 3127 1264 3191 Nicotaus
1298 3131 1369 3195 tere
1403 3135 1436 3198 in

291 3241 433 3307 omuibus
457 3242 593 3328 partibus
624 3240 722 3323 magis
751 3241 900 3316 excoluit,
929 3238 990 3301 boc
1016 3238 1086 3298 loco
1116 3232 1243 3294 missurn
1275 3233 1369 3315 facio,
1395 3239 1436 3302 de

290 3349 412 3429 reliquo
441 3352 516 3431 J'ure
551 3344 764 3407 ecclesiastico
799 3341 979 3421 praeprimis
1019 3339 1100 3401 baec
1134 3343 1221 3416 sunt,
1268 3358 1348 3419 quac
1383 3344 1434 3407 ille

292 3553 379 3606 caroli
397 3549 470 3603 Calvi
486 3549 564 3602 venia
581 3551 608 3595 et
624 3542 714 3612 mna,
737 3543 811 3607 cujus
829 3544 906 3596 filiurn
925 3544 973 3595 sibi
990 3545 1017 3595 in
1035 3543 1219 3593 matrimonium
1236 3544 1356 3603 rapuerat
1373 3538 1430 3604 (cp.

291 3641 335 3701 22,
353 3635 397 3697 23,
414 3636 460 3701 35,
482 3636 541 3698 36),
577 3629 685 3684 Carolus
708 3626 795 3681 Caroli
818 3629 890 3681 Cului
915 3629 982 3681 lilius
1004 3632 1031 3682 in
1053 3628 1128 3680 simili
1151 3639 1229 3676 eausa
1260 3619 1354 3681 (blansi
1375 3619 1429 3690 xv,

292 3721 424 3789 coimus),
441 3721 589 3774 llelletrude
608 3734 683 3773 soror
699 3717 810 3770 {rotharii
827 3718 898 3785 regis
918 3733 967 3784 pro
987 3714 1142 3783 recipiendis
1159 3723 1175 3757 a
1191 3707 1269 3755 fratre
1287 3721 1337 3757 suo
1353 3707 1429 3765 bouis

290 3811 380 3865 ablutis
400 3810 457 3876 (ep.
477 3810 553 3872 112),
575 3808 651 3861 Auno
671 3822 759 3859 comes
777 3805 878 3873 quidam
898 3804 931 3857 ob
949 3803 1071 3855 irritanda
1088 3803 1147 3848 vota
1164 3793 1304 3844 monastica
1323 3794 1427 3854 sturni

290 3900 347 3964 (cp.
367 3893 443 3957 117),
469 3897 614 3951 Ludovieus
634 3894 784 3947 Germaniae
802 3906 849 3944 rex
870 3891 904 3942 ob
923 3891 1025 3941 diversa
1042 3880 1144 3949 negotia
1162 3877 1341 3936 ecclesiastica
1368 3891 1426 3956 (ep.

289 3984 346 4050 61),
368 3978 476 4034 Carolus
498 3983 592 4037 Calvus
610 3999 658 4054 per
676 3980 815 4047 episcopos
840 3990 902 4027 suos
920 3975 954 4026 dc
971 3967 1125 4039 praestando
1143 3984 1160 4021 a
1176 3966 1322 4024 Britonibus
1340 3989 1425 4030 nuno

289 4085 372 4121 censu
399 4065 541 4131 (Hurdouin
558 4072 589 4138 V,
606 4070 658 4127 627
676 4066 736 4130 sn).

327 4158 354 4220 ¹)
372 4154 406 4206 cl.
424 4156 538 4231 Philipps
557 4160 587 4218 Ω.
605 4160 641 4219 bi.
658 4160 686 4223 §-
705 4150 766 4216 152,
784 4147 845 4204 153.
