3084 4838
798 288 846 360 tt

251 501 306 582 „Si
333 492 537 564 Romanorum
565 497 740 563 Pontificum
769 497 906 577 decreto,
940 495 979 559 ad
1007 495 1168 577 eplscopos
1196 494 1312 560 Galliae
1340 518 1398 563 re·

250 614 396 670 monstrat
424 611 490 687 (ep.
520 603 562 668 ⁷5
591 603 611 669 l.
641 623 668 669 c.
693 603 786 684 901),
820 611 994 667 ceterorum
1021 602 1168 684 opuscula
1202 610 1399 669 tractatorum

250 712 454 794 approbantur
480 710 531 773 vel
559 711 771 792 reprobantur,
805 712 846 772 ita
874 716 908 774 ut
930 707 1010 791 quod
1034 710 1064 774 S.
1089 708 1129 771 A.
1154 709 1272 790 probat,
1306 711 1398 774 bodie

251 825 391 881 teneatur
428 823 596 897 acceptum,
640 824 672 879 et
707 815 787 900 quod
824 816 873 878 illa
912 814 1031 896 repulit,
1069 813 1217 879 hactenus
1255 816 1398 880 inefficax

250 922 412 987 habeatur:
448 929 558 1005 quanto
587 922 686 1002 potius
714 940 792 1004 quae
820 923 885 1004 ipsa
907 938 963 1003 pro
988 919 1135 984 catholica
1158 920 1217 983 lide
1241 941 1297 1004 pro
1320 941 1396 1005 pro·

250 1029 328 1092 lanis
356 1028 545 1111 dogmatibus
572 1027 757 1109 repellendis
787 1046 843 1109 pro
872 1028 964 1090 variis
995 1034 1027 1089 et
1053 1022 1223 1090 multifariis
1245 1029 1397 1093 ecclesiae

249 1134 480 1198 necessitatibus
521 1140 552 1196 et
590 1132 722 1197 bdelium
762 1134 896 1197 moribus
936 1130 1058 1196 diverso
1092 1140 1229 1213 tempore
1263 1135 1394 1215 scripsit,

249 1241 331 1304 omni
353 1237 466 1302 debent
486 1240 604 1303 bonore
627 1238 779 1321 praeferri
803 1247 834 1302 et
856 1239 894 1301 ab
917 1239 1055 1302 omnibus
1078 1256 1204 1319 prorsus
1220 1240 1249 1300 in
1265 1239 1392 1321 quibus-

249 1344 325 1408 libet
368 1345 637 1426 opportunitatibus
676 1343 859 1408 discretione
898 1343 950 1406 vel
988 1342 1212 1426 dispensatione
1252 1346 1395 1427 magistra

248 1458 431 1516 reverenter
453 1451 597 1515 assumi.“
643 1451 773 1532 „Legite
796 1467 907 1513 sacros
930 1466 1073 1529 canones,
1096 1449 1283 1531 Rodulphum
1305 1451 1394 1515 Ritu-

249 1558 401 1621 ricensem
430 1556 557 1638 ejusque
585 1555 745 1637 episcopos
773 1555 835 1617 adit
863 1561 929 1638 (ep.
954 1555 1039 1620 651.
1064 1574 1090 1619 c.
1114 1555 1208 1636 882),
1243 1563 1275 1619 et
1296 1574 1394 1638 syno-

250 1661 327 1725 dalia
361 1668 448 1745 gesta
483 1661 630 1724 revolvite
665 1668 697 1724 et
728 1660 846 1741 videte,
887 1661 967 1744 quod
1002 1660 1073 1727 Sedi
1105 1661 1231 1743 Aplicae
1266 1663 1395 1744 (ubique

250 1787 399 1832 summum
435 1767 613 1849 judicium),
653 1775 757 1848 utpote
797 1769 846 1831 cui
886 1767 1011 1831 facultas
1046 1775 1093 1830 est
1126 1769 1157 1830 in
1190 1774 1252 1830 tots
1286 1767 1395 1830 Christi

251 1874 383 1938 ecclesia
410 1873 498 1955 leges
527 1872 652 1953 speciali
681 1875 894 1957 praerogativa
916 1891 1032 1955 ponere
1056 1891 1092 1936 ac
1114 1871 1237 1936 decreta
1259 1879 1391 1936 statuere

251 1984 282 2043 ‘et
304 1981 468 2042 sententies
491 1978 718 2061 promulgare.“

356 2082 443 2147 Unde
471 2085 599 2165 primunr
627 2083 658 2145 id
684 2104 740 2167 pro
764 2085 933 2149 certissimo
956 2083 1059 2164 voluit,
1094 2083 1218 2147 decreta
1240 2082 1339 2147 omnia
1362 2082 1393 2149 S.

251 2188 291 2254 Α.
325 2208 380 2272 pro
414 2191 565 2254 communi
598 2191 750 2254 ecclesiae
778 2191 875 2255 salute
904 2191 1013 2253 emissa
1041 2189 1144 2252 valere
1173 2197 1205 2251 et
1232 2207 1250 2250 a
1279 2189 1394 2252 cunctis

249 2296 355 2360 stricte
389 2296 543 2378 sequenda
577 2314 657 2361 esse.
704 2298 758 2376 „Si
791 2297 857 2377 quis
893 2294 1032 2378 dogmata
1065 2293 1203 2357 mandata
1235 2294 1395 2356 interdicta

249 2402 420 2471 sanctiones
448 2401 498 2463 vel
527 2402 660 2481 decreta,
694 2403 724 2464 in
753 2420 819 2484 syn.
843 2403 928 2465 Rom.
952 2419 979 2464 a.
1004 2400 1068 2464 863
1092 2419 1119 2464 c.
1146 2402 1176 2464 5.
1200 2399 1304 2480 edixit,
1338 2418 1393 2481 pro

250 2506 396 2571 catholica
423 2507 482 2570 fide
510 2527 566 2590 pro
597 2508 804 2571 ecclesiastica
832 2506 986 2589 disciplina
1014 2526 1070 2589 pro
1099 2507 1289 2569 correctione
1312 2505 1392 2568 lide-

250 2613 322 2677 lium
350 2633 405 2696 pro
433 2614 651 2678 sceleratorum
680 2613 890 2678 emendatione
918 2613 969 2676 vel
996 2611 1206 2676 interdictione
1228 2612 1390 2673 imminen-

251 2720 325 2783 tium
351 2720 402 2781 vel
429 2720 599 2783 futurorum
626 2719 773 2783 malorum
800 2737 819 2781 a
847 2720 878 2785 S.
902 2719 941 2782 Α.
964 2717 1104 2800 praeside
1131 2717 1290 2779 salubriter
1311 2733 1388 2796 pro·

177 2840 180 2847 ⁴
250 2825 382 2908 mulgata
405 2826 629 2906 contempserit,
654 2824 812 2886 anathema
835 2825 906 2887 sit.“
944 2826 1143 2906 Quapropter,
1165 2822 1217 2886 ubi
1240 2838 1390 2884 necessa-

249 2932 328 2993 rium
356 2929 441 2993 duxit
475 2932 570 3007 (sicut
594 2949 644 2993 ex.
669 2948 716 3013 gr.
745 2932 776 2992 in
804 2949 895 2994 causa
923 2930 1040 3013 Ignatii,
1074 2929 1159 2993 Loth.
1183 2936 1215 2991 et
1235 2928 1391 3007 Tbeutb.),

131 3029 135 3036 ’
252 3036 402 3117 episcopis
425 3037 561 3118 injunxit,
590 3043 623 3098 ut
646 3035 782 3116 „litteras
805 3037 897 3118 ipsius
921 3037 950 3098 in
974 3036 1111 3099 omnibus
1134 3035 1284 3116 parochiis
1306 3040 1391 3097 notas

250 3141 399 3221 iacerent,
431 3140 469 3203 de
497 3143 534 3205 iis
557 3140 768 3223 praedicarent
790 3149 822 3205 et
844 3160 898 3205 eas
921 3140 1050 3205 fideliter
1072 3138 1346 3222 exsequerentur.“
1363 3133 1390 3210 ¹)

248 3248 405 3313 derecte
427 3248 469 3310 ibi
492 3248 610 3311 illorum
633 3249 805 3328 opinionem
827 3248 945 3331 rejecit,
970 3249 1020 3329 qui
1044 3265 1081 3309 ea
1101 3253 1213 3310 tantum
1227 3242 1394 3306 decretalia

249 3353 401 3417 Pontificio
431 3354 568 3435 obligare
596 3353 747 3434 volebant,
783 3371 861 3436 quae
884 3354 915 3414 in
939 3352 1044 3415 codice
1068 3370 1215 3415 cononum
1239 3356 1300 3427 (sc.
1323 3351 1393 3413 usi-

249 3466 310 3522 tata
343 3476 449 3522 eorum
483 3458 661 3521 collectione
688 3460 889 3542 Dionysiana)
923 3459 1160 3522 continerentur.
1207 3456 1270 3534 (Ci.
1299 3456 1392 3536 prior.

253 3564 373 3628 dissert.
393 3563 453 3643 „de
466 3564 530 3627 Nic.
543 3564 645 3648 teglat.
659 3564 758 3628 eccl.“
770 3565 849 3646 App.
865 3564 905 3639 l).
930 3562 1101 3630 Secundum
1112 3564 1222 3629 Leonis
1239 3568 1270 3623 et
1282 3559 1392 3623 Gelasii

249 3669 422 3751 exemplum
449 3672 557 3734 merito
585 3671 751 3753 replicavit,
765 3667 794 3745 ²)
829 3670 962 3750 „nubam
990 3668 1190 3732 differentiam
1218 3684 1288 3730 esse
1311 3666 1393 3727 inter

248 3794 287 3840 ea
315 3775 449 3856 decreta,
484 3795 562 3859 qnae
590 3779 621 3839 in
649 3776 755 3841 codice
784 3793 932 3839 canonum
958 3775 1143 3838 haberentur
1170 3774 1201 3839 S.
1225 3770 1265 3834 Α.
1295 3761 1392 3852 prae-

247 3882 354 3962 sulum,
379 3889 411 3944 et
434 3900 481 3961 ea,
505 3900 584 3965 quae
606 3901 680 3964 prae
703 3880 891 3945 multitudine
912 3882 966 3944 vix
987 3900 1044 3963 per
1066 3880 1185 3963 singula
1207 3876 1391 3942 voluminum

355 4028 376 4123 1)
394 4055 428 4109 ci.
453 4071 495 4123 cp.
520 4057 553 4112 11
577 4057 610 4109 ad
633 4070 722 4107 omnes
746 4055 837 4109 ddeles
861 4055 889 4122 (1.
908 4072 931 4110 c.
950 4055 1021 4124 785).
1044 4071 1087 4124 ep.
1105 4055 1141 4111 93
1166 4055 1199 4109 ad
1219 4053 1292 4126 bunio.
1309 4064 1392 4117 oppos

248 4144 276 4211 (1.
295 4160 318 4199 ⁰·
337 4143 417 4297 917)3)11ι
436 4246 478 4299 ep.
497 4232 532 4290 tc
549 4232 582 4286 td
601 4245 683 4298 eppos
701 4230 797 4289 Galliac
816 4231 843 4299 (l.
863 4248 891 4287 c.
905 4231 976 4298 908).
