3084 4838
667 295 716 370 15

122 509 218 574 minus
244 481 450 588 subsequente
482 511 513 568 ει
534 505 630 570 tenuit
651 523 775 587 semper
798 509 829 567 et
850 495 995 567 retinet.“
1040 504 1096 580 Qui
1119 504 1199 568 idem
1222 501 1261 567 de

122 618 184 698 ipsa
206 614 323 698 synodo
347 609 584 674 Chalcedonensi
606 613 646 674 ita
670 610 771 675 docuit
794 611 841 687 (in
864 618 944 673 tomo
968 606 1006 670 de
1029 612 1126 675 anath.
1148 612 1259 675 vincul,

11 768 12 771 ,
122 723 141 786 l.
169 736 196 785 c.
227 719 326 792 929);
361 716 584 799 „cognoscant
619 716 766 800 synodum
801 715 901 779 Chalc.
931 713 1097 778 seeundum
1130 735 1262 780 canones

120 826 305 909 regulasque
339 822 451 885 eocliae
484 840 541 904 pro
573 822 632 886 lide
667 821 815 887 communi
844 830 875 884 et
902 822 1030 884 veritate
1045 819 1204 883 -eatboliea
1232 830 1263 883 ει

11 966 13 989 t
122 928 294 1013 apostolica,
323 946 377 1010 pro
407 946 466 1010 qua
490 947 558 991 eam
580 928 647 992 fieri
670 927 766 996 Sedes
789 927 895 1009 Aplica
918 926 1071 1009 delegavit
1084 926 1263 1008 'factamque

122 1035 258 1114 firmavit,
293 1041 394 1097 atota
417 1034 549 1096 ecelesia
571 1034 773 1098 indubitanter
795 1032 921 1109 admitti3
957 1032 1014 1095 alia
1037 1039 1147 1111 autem,
1184 1050 1263 1114 quae

124 1160 181 1223 per
206 1141 460 1221 incompetentem
483 1140 758 1221 praesumptionem
780 1138 841 1200 illie
863 1137 977 1219 prolata
999 1144 1069 1200 sunt
1092 1172 1149 1215 -‚
1184 1154 1263 1217 quae

123 1248 153 1311 S.
176 1245 215 1309 Α.
241 1242 379 1327 gerenda
401 1243 570 1308 nullatenus
593 1244 756 1328 delegavit,
789 1262 861 1306 mox
883 1262 901 1305 a
923 1243 1044 1305 vicariis
1067 1243 1098 1306 S.
1121 1240 1160 1304 Α.
1185 1259 1264 1303 con-

11 1424 12 1433 *
119 1350 249 1415 tradicta
275 1350 465 1413 manifestum
495 1358 626 1415 est....
657 1351 694 1426 (l.
718 1369 745 1413 c.
769 1349 862 1423 933).
906 1347 950 1409 lta
978 1345 1058 1429 quod
1085 1347 1212 1409 firmavit
1234 1347 1265 1408 in

11 1456 12 1463 ’
123 1447 239 1538 synodo
264 1455 360 1520 Sedes
375 1454 492 1537 Aplica,
515 1454 574 1517 hoc
595 1457 689 1519 robur
712 1456 848 1534 obtinuit,
873 1452 953 1537 quod
974 1452 1126 1531 refutavit,
1149 1451 1265 1514 habere

123 1579 184 1623 non
206 1561 302 1641 potuit
323 1559 526 1622 firmitatem.“
571 1561 620 1634 Ea
640 1561 697 1624 bac
720 1559 826 1622 eadem
850 1546 960 1622 Gelasii
984 1559 1151 1637 autoritate,
1176 1575 1264 1639 quam

123 1664 278 1728 Nicolaum
301 1662 351 1725 hic
372 1681 459 1725 mere
481 1672 618 1728 secutum
642 1683 711 1728 esse
735 1663 935 1743 manifestum,
966 1663 1053 1724 simul
1076 1661 1264 1725 concluden-
1380 1693 1382 1697 ·

11 1768 13 1795 '
126 1768 195 1832 dum
220 1776 276 1848 εει,
301 1769 546 1849 approbationem
570 1771 717 1852 ejusmodi
738 1787 800 1833 non
821 1769 879 1831 nisi
903 1786 959 1849 pro
981 1768 1144 1831 universali
1159 1767 1266 1849 synodi

127 1874 230 1936 valore
258 1874 302 1936 ⁴ab
337 1892 375 1937 eo
403 1875 607 1938 necessariam
629 1876 822 1959 postulatam.
868 1873 959 1936 Certe
987 1873 1186 1954 provinciales
1214 1880 1267 1935 aut

125 1977 322 2042 dioecesanas
345 1979 476 2061 synodos
494 1982 556 2062 jam
580 1983 701 2046 omnino
724 1978 932 2062 approbandas
955 1995 1036 2059 esse,
1059 1995 1204 2060 nusquam
1227 1976 1266 2041 ab

126 2101 164 2147 eo
187 2084 409 2166 pronuntiatum
429 2086 609 2150 invenimus.
715 2108 718 2114 ¹

260 2345 294 2409 C.
340 2345 449 2410 Circa
476 2346 785 2430 jurisdictionem
818 2345 1130 2411 ecelesiasticam.

230 2503 277 2566 De
302 2500 512 2584 jurisdictione
539 2504 664 2567 Romani
690 2489 839 2567 Pontificis
862 2503 925 2585 jam
954 2502 1091 2566 Gelasius
1118 2505 1149 2563 in
1177 2521 1266 2565 com-

11 2634 12 2661 2
124 2608 284 2672 monitorio
312 2607 516 2671 ad-Faustum
544 2609 585 2670 ita
612 2606 772 2670 vindicavit
806 2605 912 2683 (Hard.
935 2606 970 2668 11.
994 2606 1092 2680 886):
1128 2625 1265 2688 „quaero

124 2714 163 2777 ab
180 2713 236 2792 his,
255 2712 400 2795 J'udicium
422 2712 503 2794 quod
524 2713 734 2795 praetendunt,
757 2713 877 2776 ubinam
900 2713 994 2795 possit
1016 2712 1210 2794 agitant...
1234 2715 1267 2778 Si

126 2824 269 2898 quantum
306 2817 344 2878 ad
379 2818 557 2900 religionem
591 2819 732 2900 pertinet,
771 2819 889 2880 nonnisi
922 2816 993 2881 Sedi
1025 2817 1150 2898 Aplicae
1178 2818 1268 2899 Juxta

126 2935 259 2980 canones
287 2918 416 2981 debetur
443 2938 559 2982 summa
582 2921 688 3000 Judicii
716 2922 815 2983 totius.
862 2921 893 2986 Si
921 2928 1063 3002 quantum
1091 2921 1129 2983 ad
1151 2924 1268 2986 saeculi

11 3100 12 3103 Ἴ
125 3027 316 3105 potestatem,
349 3021 398 3083 illa
426 3039 445 3084 a
471 3023 660 3103 pontificibus
689 3029 721 3083 ει
748 3025 910 3105 praecipue
939 3044 957 3087 a
983 3026 1013 3088 b.
1043 3027 1124 3089 Petri
1150 3028 1267 3090 vicario

79 3149 80 3152 ¹
126 3125 220 3188 debet
243 3143 444 3208 cognoscere,
468 3144 546 3209 quae
570 3125 669 3188 divina
690 3135 768 3205 sunt,
791 3145 852 3189 non
866 3129 931 3208 ipsa
946 3128 1053 3190 eadem
1063 3131 1265 3210 judicare...

125 3231 301 3313 Apostolica
324 3231 449 3319 (igitur)
479 3232 629 3295 sententia
651 3238 741 3294 totam
764 3250 886 3313 semper
908 3231 1069 3293 ecclesiam
1092 3233 1268 3315 dijudicat.“

11 3394 12 3421 3
124 3335 262 3402 Eandem
294 3337 387 3418 igitur
413 3336 655 3417 jurisdictionem
682 3355 827 3401 summam
856 3355 941 3419 esse,
975 3337 1117 3401 Nicotaus
1145 3357 1267 3420 quoque

124 3442 238 3522 ubique
266 3440 451 3520 praedicavit
479 3449 510 3505 et
537 3441 623 3505 saetis
652 3451 814 3507 exsecutus
843 3451 899 3506 εει.
945 3442 1038 3524 „Sodi
1061 3443 1266 3525 Apostolioae,

125 3545 165 3608 ad
186 3544 374 3626 Rodulpbum
400 3546 522 3608 Bituric.
551 3549 671 3629 scripsit
704 3555 769 3630 (ep.
794 3543 880 3613 651.
904 3567 931 3611 e.
955 3548 1048 3629 882),
1082 3568 1142 3612 non
1170 3551 1266 3614 solum

126 3649 277 3733 quoslibet
298 3649 552 3731 metropolitanos,
587 3647 715 3734 quorum
743 3671 834 3717 eausa
857 3651 956 3714 eidem
980 3662 1027 3725 εει
1048 3673 1171 3736 semper
1193 3674 1266 3719 ser-

125 3756 235 3837 vanda,
272 3773 379 3821 verum
413 3756 502 3818 etiam
534 3757 718 3837 patriarchas
750 3759 843 3821 moris
877 3764 925 3819 est
955 3775 1011 3838 pro
1045 3760 1267 3841 emergentium

126 3861 270 3944 qualitate
298 3860 441 3924 damnare
469 3861 519 3924 vel
547 3862 636 3924 etiam
664 3862 834 3941 absolvere,
869 3861 981 3943 Jusque
1009 3879 1132 3944 semper
1160 3873 1191 3931 et
1221 3866 1269 3930 ias

124 3955 241 4046 babuit,
276 3964 314 4027 de
349 3966 485 4030 omnibus
519 3967 726 4032 sacerdotibus
749 3965 898 4050 judicare,
933 3974 1036 4048 utpote
1065 3970 1113 4031 cui
1140 3969 1267 4034 incultas

128 4077 186 4152 εει,
220 4071 251 4133 in
279 4076 339 4133 tota
363 4070 472 4135 Christi
500 4072 631 4137 ecclesia
658 4073 747 4156 leges
769 4053 893 4155 speciali
915 4074 1126 4155 praerogativa
1149 4093 1267 4155 ponere

129 4192 166 4239 ac
188 4176 312 4241 decreta
335 4182 468 4238 statuere
492 4180 713 4242 ac.sententias
735 4178 963 4260 promulgare.“
