3084 4838
299 475 457 564 Principes
479 496 537 547 eos
561 482 755 548 solummodo
778 486 816 549 ab
840 484 967 552 arbitrio
995 482 1056 555 suo
1077 484 1383 573 pendere'putabont
1409 487 1447 559 o't
1524 556 1525 569 ,

298 605 339 653 eo
361 588 491 651 liberios
513 588 544 651 in
567 605 625 652 eos
647 590 870 673 procedebant,
895 610 974 675 quos
998 594 1078 660 nude
1102 604 1231 661 externa
1255 614 1314 680 ope
1339 599 1444 664 fulciri
1524 594 1525 599 ’

297 694 450 758 riderent.
501 694 604 757 Ceteri
639 702 741 759 autom
776 699 868 782 regni
899 702 1049 784 episcopi,
1084 703 1198 786 quippe
1226 711 1257 768 et
1280 706 1338 788 ipsi
1361 706 1443 771 meri

296 800 468 883 principum
492 800 633 880 ministri,
670 800 738 865 lere
774 804 816 867 nil
850 804 932 870 aliud
968 809 1028 871 nisi
1058 827 1183 891 operam
1212 827 1299 874 suam
1328 812 1442 875 borum

296 904 504 969 voluntatibus
525 904 699 990 adjungere
714 915 867 990 poterant.
908 911 996 976 Unde
1005 914 1195 997 Judiciorum
1218 916 1442 1000 episcopalium

292 1011 413 1093 justitia
446 1028 572 1093 semper
606 1029 725 1077 summe
758 1017 995 1098 periclitabatur.
1050 1017 1199 1099 imprimis
1234 1020 1294 1082 tale
1329 1024 1444 1087 malum

296 1117 378 1181 inter
399 1117 550 1199 perennia
572 1117 620 1179 illa
643 1119 877 1205 Carolingorum
902 1122 1053 1186 factiones
1082 1128 1115 1183 et
1142 1124 1310 1184 certamina
1339 1144 1443 1207 eppa-

296 1221 392 1304 ruit¹l
428 1222 531 1297 Quare
554 1222 709 1301 Nicolaus,
733 1227 817 1307 quod
839 1227 891 1289 ubi
920 1227 959 1288 de
985 1226 1125 1308 episcopi
1149 1225 1325 1289 discrimine
1354 1247 1440 1310 age·
1524 1216 1525 1227 ¹

295 1337 393 1410 retur,
415 1347 482 1392 rem
505 1327 545 1392 sd
568 1328 597 1394 S.
621 1330 660 1393 A.
683 1330 881 1412 deposcebat,
904 1330 986 1394 baud
1007 1347 1114 1411 parum
1140 1338 1172 1393 et
1189 1332 1328 1415 justitiae
1351 1328 1437 1412 pob-

296 1435 375 1499 licac
398 1442 430 1500 ot
452 1433 683 1499 ecclesiasticae
705 1435 836 1499 libertati
860 1436 986 1518 profuit.
1047 1436 1138 1511 Quod
1160 1442 1192 1499 et
1213 1438 1273 1518 ipsi
1296 1436 1440 1519 episcopi

295 1542 393 1625 probe
417 1549 628 1626 agnoscentes
651 1542 835 1627 gratissimis
858 1543 968 1605 animis
991 1539 1227 1624 excipiebant.²)

508 1737 547 1801 E.
581 1736 635 1800 De
668 1740 913 1818 poenitentis
942 1736 1228 1802 ecclesiastico.

398 1892 560 1957 Permultis
588 1890 747 1970 rescriptis
770 1888 915 1952 Nicotaus
944 1891 982 1954 ad
1005 1889 1249 1952 consultationes
1273 1888 1374 1953 varias
1399 1889 1441 1954 de

295 1999 485 2081 poenitentia
507 1993 700 2076 respondere
723 2002 849 2058 coactus
878 2001 935 2059 est.
981 1996 1016 2058 lu
1039 1995 1151 2076 quibus
1175 1996 1235 2059 etsi
1258 1995 1443 2077 plerumque

295 2102 395 2166 solum
409 2099 643 2181 probatissimos
668 2119 805 2164 canones
820 2101 1057 2183 poenitentiales
1081 2108 1133 2164 aut
1152 2101 1306 2164 ecclesiae
1322 2101 1445 2164 Romar-

297 2225 356 2271 nee
380 2204 519 2270 ordinem
542 2212 681 2286 secutus,
706 2214 808 2270 tamen
830 2225 887 2288 pro
911 2207 961 2270 illo
986 2214 1125 2286 tempore
1149 2202 1264 2270 certam
1288 2206 1443 2289 quandem

295 2312 507 2395 poenitentiae
530 2329 668 2375 normam
693 2312 835 2375 exhibuit
856 2311 1139 2394 haesitationesque
1165 2312 1203 2376 de
1219 2330 1257 2375 ee
1273 2330 1309 2374 re
1328 2331 1443 2375 remo-

295 2418 348 2482 vit.
394 2419 497 2493 Quone
522 2417 612 2479 etiam
637 2416 685 2480 illa
708 2417 759 2480 hic
781 2417 897 2481 addere
918 2418 1004 2481 libet.

400 2524 534 2589 Primum
556 2522 701 2588 Nicotaus
724 2542 827 2588 veram
851 2524 987 2589 indolem
1001 2524 1213 2606 poenitentiae
1230 2541 1269 2586 eo
1286 2522 1445 2604 tuebatur,

294 2637 415 2694 utnon
437 2630 554 2694 firmam
577 2638 610 2693 et
632 2631 819 2695 immobilem
843 2631 874 2693 ei
897 2649 1035 2694 normam
1059 2629 1241 2713 praescribi,
1269 2630 1326 2692 sed
1349 2648 1444 2693 sum·
1524 2664 1525 2681 1

296 2752 377 2798 mum
401 2734 549 2818 judicium
573 2737 674 2814 polius
700 2735 855 2797 secerdoti
877 2736 1031 2798 reservari
1053 2736 1156 2815 velle-t,
1181 2736 1233 2817 qui
1250 2751 1307 2816 pro
1328 2737 1442 2817 cujus·-
1524 2752 1525 2803 t

298 2860 359 2927 que
381 2839 570 2925 poenitentis
594 2838 737 2920 qualitate
762 2840 876 2920 optime
901 2839 939 2903 de
963 2859 1001 2903 ea
1020 2841 1163 2923 Judioare
1186 2848 1304 2922 posset.
1341 2841 1384 2904 lta
1407 2840 1441 2902 in

297 2948 450 3027 rescripto
479 2945 517 3009 ud
548 2946 689 3009 Carolum
718 2945 853 3028 archiep.
876 2945 1060 3030 Mogontia,
1095 2946 1147 3009 ubi
1183 2947 1222 3010 de
1257 2947 1304 3010 ille
1338 2951 1441 3008 certas
1524 2960 1525 3007 t

295 3052 422 3136 regulas
446 3051 560 3126 statuit,
583 3058 685 3113 tamen
709 3052 806 3116 addit:
829 3059 968 3135 ,tempus
992 3060 1094 3116 eutem
1117 3052 1210 3134 huJus
1229 3049 1435 3135 poenitenliae

297 3157 330 3222 in
346 3158 477 3221 Vestrae
500 3155 703 3221 beatitudinis
726 3158 852 3221 arbitrio
875 3159 1029 3240 ponimus,
1052 3164 1086 3222 ut
1108 3157 1276 3222 secundum
1299 3171 1439 3217 conver-

296 3265 416 3330 sionem
445 3263 563 3327 illorum
594 3269 649 3327 eut
673 3265 847 3327 extendere
876 3265 926 3327 vel
954 3265 1095 3326 minuere
1124 3263 1268 3327 valeatis“
1302 3268 1377 3343 (ep,
1394 3259 1441 3323 26

296 3370 335 3434 ll.
359 3367 450 3453 810).
496 3368 641 3432 Similiter
663 3370 695 3430 in
719 3368 846 3431 decreto
871 3368 910 3430 de
934 3387 961 3431 a.
986 3367 1051 3430 867
1075 3368 1112 3447 (l.
1137 3389 1164 3433 c.
1191 3368 1310 3445 stim:
1346 3385 1440 3449 „sane

295 3474 451 3540 sacerdoti
482 3471 742 3535 considerandum
777 3479 836 3552 est,
871 3474 898 3536 si
933 3473 1032 3536 semel
1064 3476 1204 3557 peccavit
1238 3480 1290 3538 aut
1324 3481 1440 3554 quanto

295 3577 369 3664 quis
398 3586 538 3659 tempore
573 3577 605 3639 in
639 3578 714 3642 vitio
748 3579 936 3660 perduravit,
972 3587 1024 3643 aut
1058 3583 1085 3644 si
1121 3599 1197 3644 casu
1230 3586 1283 3642 aut
1315 3578 1343 3641 si
1374 3595 1442 3643 non

295 3692 417 3769 sponte,
442 3691 474 3747 et
496 3670 691 3749 considerata
715 3685 858 3769 qualitate
882 3687 949 3750 sive
974 3688 1139 3769 quantitate
1162 3685 1291 3767 peccati,
1309 3683 1442 3764 provida

296 3800 401 3856 mente
415 3792 501 3874 lapso
517 3792 737 3871 poenitentiam
754 3788 960 3880 injungat.“³)
990 3791 1091 3866 Ousre
1108 3792 1167 3855 etsi
1182 3808 1224 3852 ex
1238 3789 1441 3853 similitudine

296 3913 507 3928 ..ιιι-ιι,-

329 3969 352 4038 ¹)
371 3968 404 4021 oi.
423 3966 530 4021 dirorer
546 3964 630 4033 Geloi.
648 3966 691 4022 ber
707 3967 754 4037 ¹olla
773 3983 801 4024 u.
819 3965 953 4036 mritirt'nt
969 3964 1154 4034 restrueret
1175 3962 1213 4020 Θ.
1233 3962 1269 4020 83
1288 3965 1319 4034 li.

330 4057 353 4125 ²)
372 4057 406 4113 ci.
425 4071 468 4125 sp.
486 4070 543 4122 syn.
563 4055 676 4110 Tricass.
694 4072 718 4112 a.
736 4055 788 4110 867
807 4055 840 4108 ad
857 4055 916 4109 Nic.
932 4055 962 4109 Ρ.
985 4056 1079 4121 (Haud.
1095 4054 1126 4119 V,
1145 4053 1219 4122 685.)
1248 4098 1250 4103 .

301 4184 304 4189 «
328 4147 357 4208 ⁸)
375 4145 495 4200 Similiter
509 4158 551 4209 ep.
560 4143 595 4197 66
609 4143 781 4210 sditodulpb.
791 4143 900 4196 Bituric.
910 4143 1074 4210 esibiles,
1084 4143 1189 4210 epllil
1199 4141 1338 4196 adffincm.
1349 4137 1444 4193 suem.

225 4298 227 4301 v
289 4234 309 4287 l.
320 4229 870 4301 e.1lus,ep.ttlsedsedatp.srpenrtat
881 4246 904 4286 c.
914 4230 994 4296 1129,
1004 4245 1048 4295 ep.
1059 4231 1111 4287 136
1120 4229 1319 4297 udiiirclsrdd.
1327 4244 1350 4283 c.
1360 4227 1443 4289 1131.
