3084 4838
118 691 201 792 De
248 685 506 790 Nicolao
559 684 716 815 Papa
769 683 790 784 l
843 683 1221 815 legislatore

443 862 900 964 ecclesiastico.

99 1381 213 1538 Inter
240 1472 416 1554 ronrtraos,
452 1473 504 1554 qui
538 1491 556 1536 a
584 1472 731 1558 Gregorii
758 1474 772 1539 l
805 1492 906 1557 usque
940 1472 979 1537 ad
1013 1472 1160 1556 Gregorii
1187 1464 1242 1536 Vll

101 1584 222 1660 tempus
246 1580 353 1643 sedem
376 1579 542 1641 Romanam
566 1587 768 1660 ornaverunt,
798 1581 888 1644 tacite
917 1581 1016 1664 major
1038 1597 1101 1641 non
1124 1578 1244 1641 exstitit

102 1683 229 1745 Nicolao
244 1684 268 1746 l.
292 1683 388 1766 cujus
412 1685 519 1747 eximii
542 1685 600 1748 viri
623 1685 755 1748 eximias
777 1680 906 1748 virtutes
929 1686 1042 1762 mirati
1047 1686 1111 1767 jam
1134 1683 1243 1746 coaevi

102 1805 237 1850 summas
260 1788 367 1851 laudes
391 1790 614 1871 praedicarunt.
653 1790 785 1871 „sedem
810 1790 1019 1878 apostolicam,
1042 1791 1084 1852 ait
1106 1790 1242 1852 Anasta·

102 1893 169 1956 sius
199 1889 294 1978 (vitae
317 1893 455 1957 Pontific.
480 1914 511 1957 n.
535 1895 610 1958 612.
640 1895 690 1958 erl.
714 1892 818 1979 iligna
843 1903 863 1958 t.
889 1893 1062 1982 cxxvttr),
1091 1896 1244 1957 victorio-

101 1999 225 2061 sissime
249 2006 282 2061 et
304 2006 337 2062 ut
359 2018 452 2063 verus
467 2000 526 2064 Dei
550 1999 661 2063 athleta
685 2000 834 2063 catholice
854 2020 889 2063 ac
908 2000 1115 2082 principaliter
1133 2000 1243 2079 rexit,“

102 2110 135 2167 et
157 2122 325 2168 successor
346 2106 501 2169 Adrianus
519 2105 547 2169 ll
570 2124 641 2169 eurn
666 2106 707 2169 illi
728 2106 826 2170 losue
849 2126 879 2169 v.
897 2113 918 2169 t.
942 2113 1108 2187 comparat,
1132 2123 1243 2186 „quem

102 2208 181 2272 deus
204 2209 368 2273 ecclesiam
397 2229 483 2274 suam
514 2212 678 2275 miseratus
709 2212 747 2274 ad
770 2213 995 2276 excludendum
1019 2212 1124 2273 mundi
1147 2211 1243 2274 tumi-

104 2315 249 2378 dissimos
272 2317 418 2396 strepitus
442 2317 593 2399 elegerit“
621 2313 860 2417 (Anastasiusl
885 2336 912 2379 c.
937 2336 968 2380 o.
991 2314 1083 2401 620).
1097 2314 1136 2395 ¹J
1153 2315 1244 2389 Quod

30 2501 33 2507 ,
103 2419 190 2485 idem
216 2420 310 2502 lenge
340 2427 448 2502 postea
479 2416 944 2522 succedentgslgertttrgtrones
979 2429 1067 2505 grata
1096 2422 1244 2483 memoria
1276 2473 1278 2478 .

98 2525 291 2588 Urceolebant
332 2525 424 2605 „Post
452 2526 481 2588 b.
511 2527 696 2611 Gregorium
731 2509 854 2609 nsque
867 2520 914 2590 i’n
921 2518 1089 2608 praesens,
1124 2527 1164 2589 de
1192 2526 1243 2589 illo

103 2630 269 2714 Regino
260 2650 292 2694 m
325 2631 474 2695 chronico
508 2633 547 2694 ad
580 2650 607 2694 a.
634 2631 719 2743 868)
717 2633 822 2719 rplert
860 2633 977 2714 (Perta
1003 2646 1138 2698 monum
1173 2631 1243 2695 bist.

104 2736 209 2801 Germ.
245 2734 397 2822 1.579),
444 2737 543 2801 nullus
577 2671 934 2860 praesubafflnma
968 2738 1058 2800 urbe
1080 2736 1245 2819 pontificali

102 2843 236 2905 bonore
261 2842 442 2906 sublimatus
481 2845 521 2907 illi
560 2844 683 2907 videtur
722 2831 979 2926 aequiparandus.
1029 2844 1168 2925 Regibus
1207 2860 1244 2905 ac

102 2947 241 3028 tyrannis
264 2948 425 3027 imperavit
448 2950 557 3029 eisque
586 2967 624 3010 ac
650 2952 678 3010 si
703 2950 845 3011 dominus
870 2950 953 3013 orbis
977 2956 1127 3011 terrarum
1151 2956 1244 3010 auto-

101 3052 194 3114 ritate
228 3050 378 3133 praeluit3
420 3054 576 3133 episcopis
614 3059 647 3114 ct
672 3054 888 3117 sacerdotibus
917 3055 1075 3138 religiosis
1095 3054 1245 3121 ¹mandata

104 3157 156 3220 dei
185 3156 422 3220 observantibus
456 3157 578 3220 bumilis
612 3157 740 3221 blandus
776 3161 845 3238 pias
881 3168 1060 3222 mansuetus
1089 3160 1243 3240 apparuit3

105 3244 290 3344 irreligiosis
326 3269 358 3324 et
386 3281 403 3325 a
431 3271 519 3326 recto
553 3264 674 3325 tramite
704 3262 949 3326 exorbitantibus
979 3263 1124 3325 terribilis
1153 3269 1245 3343 atque

102 3368 283 3428 austeritate
307 3367 416 3447 plenus
440 3371 569 3448 exstitit,
591 3358 627 3432 ut
650 3371 758 3431 merito
783 3369 928 3432 credatur
953 3368 1030 3431 alter
1051 3368 1153 3455 llelias
1176 3367 1245 3430 Deo

105 3472 276 3535 suscitante
300 3475 414 3536 nostris
436 3475 628 3556 temporibus
651 3476 899 3538 resurrexisse.“
932 3474 1078 3539 Similiter
1100 3475 1247 3537 annalista

97 3577 306 3640 lleremensis
341 3577 379 3640 orl
413 3595 441 3640 a.
475 3579 540 3643 sot
574 3581 676 3663 (Perta
710 3581 730 3643 l.
760 3599 787 3643 c.
823 3582 859 3644 V.
891 3580 966 3661 140)
1005 3580 1088 3645 illum
1121 3597 1246 3662 „papam

105 3683 332 3744 sanctissimum
357 3682 428 3746 nulli
453 3686 671 3749 modernorum
696 3687 974 3768 aequiparandum
998 3693 1097 3751 vocat.

142 3871 165 3936 ¹)
183 3871 252 3921 ldem
280 3883 355 3926 autor
380 3890 494 3928 coaevus
516 3875 666 3929 Anastasius
693 3875 760 3928 banc
787 3877 890 3928 omuino
917 3876 984 3929 illius
1011 3877 1147 3946 imaginem
1169 3875 1257 3942 refert

102 3959 139 4024 (l.
161 3975 183 4009 c
201 3973 229 4011 n
247 3958 326 4023 auo)-
354 3963 488 4028 „llieolaus
514 3975 570 4017 crat
591 3974 697 4032 aspectu
715 3964 835 4032 pulcher,
858 3965 940 4018 lorma
964 3965 1087 4030 decorus,
1113 3964 1203 4016 doetus
1221 3963 1248 4014 in

104 4047 198 4111 verbo
217 4045 319 4114 loquela
339 4046 448 4118 humilis,
467 4062 525 4105 actu
543 4052 726 4122 praeclaruss
715 4052 872 4123 Jejuniisque
892 4063 918 4105 et
936 4052 1021 4106 (lirino
1037 4053 1114 4106 cultui
1127 4053 1248 4115 intentus,

102 4134 263 4202 pauperibus
281 4133 378 4203 largus,
400 4139 570 4206 orphanorum
589 4151 722 4209 protector
745 4150 771 4194 et
793 4141 877 4196 viduis
900 4140 983 4195 fautor
1004 4140 1145 4222 populique
1164 4141 1248 4191 cuncti

107 4221 254 4276 defensor!
1018 4298 1033 4364 ¹
