3084 4838
808 260 859 337 tt

329 514 334 533 .
368 464 435 531 Janr
458 466 573 543 dudum
597 467 693 551 igitur
720 469 750 531 in
780 487 841 532 usu
863 469 1077 537 ecclesiastico
1095 475 1187 554 'arat‚
1216 477 1249 536 ut
1277 470 1406 556 negotia

261 571 378 654 majora
401 573 440 638 ad
463 573 577 639 Sedem
601 573 810 655 Apostolicam
835 574 1033 641 deferrentur
1062 578 1162 659 iisque
1186 578 1223 641 ab
1245 578 1303 641 bac
1325 596 1405 659 pro-

264 676 434 742 videretur.
484 679 570 743 lnter
602 699 682 761 quae
716 699 827 745 causas
862 681 1079 765 cpiscoporum
1111 684 1226 749 babere
1260 684 1407 749 Nicolaus

264 798 341 846 sane
365 784 480 866 optimo
500 786 573 868 jure
597 791 727 867 poterat.
772 786 864 867 Nam,
893 795 927 850 ut
954 798 1040 853 recte
1064 788 1146 870 ait,¹)
1175 792 1221 870 „si
1251 792 1406 874 depositio

262 888 402 971 episcopi
425 907 488 953 non
511 891 592 953 inter
614 892 729 974 majora
754 895 881 976 negotia
905 894 1056 975 habenda,
1090 913 1169 975 quae
1199 899 1323 960 omuino
1347 896 1404 959 alia

263 996 403 1058 oausa‘l“
437 993 511 1071 ¹Sed
534 996 625 1059 etiarn
647 996 699 1060 tali
723 1001 941 1080 computationi
965 1002 1028 1082 jaan
1058 1000 1170 1063 dudum
1194 1018 1271 1062 usus
1296 1003 1406 1071 eccle,-

262 1100 406 1163 siasticus
431 1100 619 1185 suffragatus
648 1110 706 1166 est.
750 1104 841 1186 Nam,
871 1112 904 1169 ut
932 1106 1054 1169 aliunde
1083 1103 1298 1181 resciscinrus,
1329 1113 1406 1171 tunc

262 1206 412 1288 temporis
436 1205 475 1270 de
499 1208 638 1290 episcopi
657 1209 777 1291 Judioio
801 1228 924 1292 semper
946 1209 983 1270 ad
1007 1208 1099 1273 SA.
1123 1207 1327 1288 referebatur,
1351 1216 1405 1270 aut

263 1318 334 1375 unte
363 1319 416 1375 aut
444 1319 514 1395 post
543 1316 726 1378 sententiam
754 1316 853 1379 latam.
897 1314 1078 1378 llincmarus
1107 1314 1289 1377 Rbemensis
1318 1312 1403 1375 euim

263 1416 596 1483 Pseudo-Isidorianas
621 1421 659 1484 de
677 1420 877 1503 appellatione
896 1421 1133 1485 constitutiones
1155 1419 1295 1483 refutans
1318 1417 1404 1481 scri'-

263 1521 390 1597 bitboe
412 1520 558 1605 rnodoz²)
591 1526 696 1606 ,(illae
719 1527 815 1610 igitur
843 1522 908 1611 ita.)
938 1525 1137 1588 Innocentius
1165 1544 1240 1587 uero
1266 1532 1298 1587 et
1325 1541 1405 1586 suc-

263 1645 410 1692 cessores
444 1629 541 1712 ipsius
576 1640 738 1715 postquam
772 1650 789 1694 a
828 1650 872 1696 ss.
901 1632 1040 1695 conciliis
1070 1639 1102 1694 et
1130 1630 1285 1694 Romanae
1314 1628 1408 1693 Sedis

263 1733 459 1816 pontificibus
501 1737 541 1800 de
580 1740 675 1801 certis
717 1739 855 1819 capitulis
894 1738 1077 1819 expressius
1117 1736 1243 1799 luerunt
1282 1734 1410 1797 decreta

259 1839 390 1921 judicia,
429 1840 474 1904 de
509 1841 637 1906 dubiis
676 1842 736 1902 vel
776 1841 956 1902 obscuris
994 1848 1081 1902 ante
1115 1841 1322 1923 judicium,
1361 1839 1409 1902 do

263 1946 384 2009 certis
408 1954 535 2010 autem
558 1953 671 2026 atque
696 1944 869 2007 decretis
895 1944 952 2026 (sc.
975 1946 1002 2008 si
1027 1946 1095 2026 quis
1118 1945 1214 2027 palam
1239 1945 1409 2008 confessus

262 2050 313 2114 vel
345 2051 525 2131 convictus)
576 2057 664 2133 post
703 2050 928 2132 episcopale
964 2050 1156 2134 judicium
1197 2051 1407 2113 secundum

263 2156 521 2223 Sardiaenses
560 2174 730 2220 canones
769 2157 837 2220 sub
877 2164 1074 2240 gestorum
1116 2157 1408 2221 testificatione
1525 2198 1526 2205 .

263 2262 308 2326 ad
332 2262 363 2327 S.
388 2262 426 2327 Α.
455 2262 604 2327 referri
629 2267 846 2347 jusserunt.
892 2264 1055 2338 Quorum
1086 2262 1242 2324 decreta
1270 2264 1308 2324 iu
1336 2280 1409 2324 usu
1525 2254 1526 2283 ¹

265 2367 544 2431 ecclesiastico
574 2370 686 2432 etiarn
720 2388 737 2430 a
768 2376 940 2449 ternpore
970 2370 1157 2449 majorum
1186 2374 1407 2430 nostrorum

264 2472 534 2556 praevaluisse
553 2465 837 2554 comperimus.“
863 2508 903 2520 -
925 2473 1090 2537 Praeterea
1103 2473 1407 2555 metropolitanorum

266 2597 391 2660 causae,
414 2586 448 2644 ut
471 2574 648 2664 vidimus,³)
667 2580 730 2661 jam
761 2579 833 2642 inde
863 2597 879 2641 a
909 2579 1033 2642 saeculo
1063 2579 1101 2642 lV
1131 2578 1307 2659 specialiter
1335 2578 1409 2642 Scdi

264 2684 420 2746 Romanae
444 2691 622 2745 reservatae
646 2690 743 2745 erant.
789 2684 885 2745 Recte
914 2692 1016 2746 aulem
1046 2686 1137 2746 etiam
1166 2684 1223 2745 bac
1253 2703 1294 2745 ex
1323 2692 1408 2766 parte

265 2786 410 2851 Nicolaus
433 2787 632 2848 ratiocinatus
657 2782 752 2862 est:⁴)
782 2787 1102 2868 ,metropolitanorum
1133 2807 1262 2870 quorum
1295 2809 1408 2855 causae

266 2892 436 2957 indubitate
458 2891 495 2955 ad
512 2892 542 2955 S.
558 2890 596 2954 Α.
612 2892 777 2973 pertinent,
795 2899 827 2954 et
843 2893 1017 2973 episcorum
1033 2912 1144 2956 revera
1159 2912 1220 2958 una
1236 2899 1410 2981 eademque

267 3000 432 3081 dignitas,“
455 3004 504 3077 ,et
527 2999 665 3079 insuper,
690 2999 846 3080 aptissime
870 2998 964 3079 addit,
988 3000 1035 3062 vel
1053 3001 1203 3063 minorum
1226 3003 1409 3068 clericorum

268 3122 382 3168 causae
427 3104 597 3167 secundum
642 3105 815 3168 Innocentii
856 3105 869 3167 l
910 3112 941 3168 et
982 3106 1243 3170 Chalcedonensis
1286 3110 1410 3175 concilii

267 3332 379 3370 omnes
407 3317 599 3370 catholicae
626 3317 747 3370 debent
776 3317 956 3369 observare
985 3315 1164 3381 ecclesiae,
1191 3323 1219 3366 ut
1242 3315 1272 3368 ub
1296 3332 1329 3369 ea
1350 3326 1411 3385 post

268 3404 397 3458 Christum
421 3405 454 3457 ad
471 3406 632 3457 muniendam
655 3406 732 3457 iidem
752 3404 903 3469 adjutorium
922 3406 1036 3471 petant.“
1071 3406 1108 3457 lta
1129 3405 1205 3474 igitur
1228 3403 1335 3458 Carolus
1351 3408 1408 3472 ipae

266 3491 293 3545 in
322 3510 400 3547 causa
422 3493 542 3561 Elipandi
569 3492 622 3557 (ed.
646 3494 731 3561 bligne
753 3499 772 3543 t.
789 3489 894 3543 ‹xcvnt
917 3509 959 3561 ep.
988 3492 1025 3560 6),
1053 3494 1079 3545 in
1102 3510 1181 3546 causa
1202 3495 1408 3563 presbyterorum

268 3580 360 3633 dubiae
383 3580 573 3649 approbationis
597 3580 631 3646 (l.
653 3597 677 3636 c.
700 3597 743 3650 ep.
765 3579 814 3643 11)
839 3589 865 3632 et
888 3582 992 3649 saepius
1016 3584 1042 3634 in
1065 3581 1143 3635 rebus
1166 3582 1247 3635 dubiis
1270 3589 1296 3632 et
1322 3579 1407 3635 arduis.

268 3667 295 3724 S.
312 3667 345 3722 Α.
363 3667 500 3723 consuluit.

304 3757 326 3826 ¹)
345 3774 388 3826 ep.
408 3757 443 3812 75
462 3756 494 3810 ad
513 3756 582 3810 univ.
601 3773 683 3826 oppos
703 3753 800 3812 Galliac
819 3760 852 3813 bl.
871 3759 932 3814 900.

304 3847 326 3913 ²)
345 3847 423 3913 cupit.
440 3845 489 3899 tv.
509 3851 555 3899 etr.
573 3844 672 3901 llincm.
689 3847 769 3903 Laud.
787 3866 813 3906 e.
829 3849 866 3904 20
888 3848 972 3918 (Opp.
989 3847 1020 3913 ll,
1039 3846 1118 3912 452).

303 3937 327 4004 ³)
346 3935 379 3986 cl.
399 3950 477 4002 supra
493 3950 553 4001 pag.
571 3934 617 3988 22.
1370 3970 1374 3975 -

303 4027 326 4091 ⁴)
345 4041 388 4094 ep.
406 4022 441 4078 ‘15
459 4024 501 4076 cit.
520 4022 553 4076 Μ.
571 4023 624 4076 900
642 4031 669 4075 et
686 4023 747 4077 904.
777 4022 897 4075 Ceterum
916 4039 999 4075 canon
1018 4025 1035 4079 9
1054 4040 1127 4076 conc.
1147 4020 1244 4086 Chala,
1269 4036 1345 4090 quern
1362 4020 1411 4070 lti-

268 4113 358 4165 eelaus
378 4122 404 4166 et
421 4114 503 4181 ipsum
523 4112 572 4163 lruc
591 4112 679 4179 refert,
697 4112 801 4180 proprie
823 4111 856 4164 ad
865 4112 996 4180 primatem
1008 4112 1136 4168 dioecesis
1146 4118 1255 4181 spectat,
1273 4110 1306 4164 ad
1314 4109 1409 4176 Pupam

267 4217 316 4270 per
334 4201 521 4256 similitudinem
539 4207 643 4256 tantum.
