3084 4838
864 331 889 401 4

305 536 521 617 conferrem)
548 537 702 616 ,omnium
725 537 933 602 infirmantium
957 538 1209 604 imbecillitatibus
1231 540 1395 604 subvenire
1419 550 1452 605 et

305 662 425 708 manum
454 642 686 707 confirmationis
713 662 787 707 suae
811 645 933 708 omnino
954 645 1058 709 libenti
1085 647 1245 728 porrigere
1266 644 1450 720 debeat.“²)

306 748 526 829 „Considerato
537 750 616 811 enim
627 749 793 813 ministerio
804 758 918 830 nostro,
931 750 969 813 ad
980 751 1127 833 ignatium
1138 752 1184 816 ct.
1196 752 1300 816 scribit
1311 759 1377 835 (ep.
1386 751 1447 816 tot

303 855 324 918 l.
349 873 376 917 c.
402 854 515 934 1058),
540 853 620 935 quod
641 853 780 919 divinitus
794 875 852 937 per
866 856 896 918 b.
910 858 1032 918 Petrum
1047 857 1213 937 apostolum
1229 858 1267 920 ad
1281 877 1337 922 nos
1353 876 1452 940 usque

306 959 472 1024 derivatum
489 961 688 1042 suscepimus,
705 979 765 1024 non
781 968 828 1024 est
843 979 897 1043 pro
912 959 1054 1024 iratribus
1065 961 1176 1023 nostris
1188 962 1296 1026 silendi
1313 964 1451 1043 facultas,

304 1066 412 1146 quibus
440 1066 536 1147 major
563 1073 593 1130 et
621 1066 718 1129 bonor
746 1075 777 1129 et
804 1084 881 1131 onus
910 1067 1025 1130 cunctis
1052 1064 1233 1129 christianae
1271 1070 1391 1148 pietatis
1418 1078 1453 1133 et

304 1171 503 1234 eeclesiarum
535 1173 732 1235 correctionis
764 1173 867 1235 inesse
901 1172 1016 1234 debere
1049 1170 1217 1234 sollicitudo
1250 1170 1449 1254 dignoscitur.

304 1277 493 1340 Sustinemus
521 1277 632 1358 quippe
662 1285 849 1356 cunctorum,
879 1278 930 1359 qui
958 1284 1136 1357 premuntur
1158 1278 1342 1359 gravamina,
1376 1278 1450 1359 quin

305 1383 403 1462 potius
430 1383 558 1445 sustinet
585 1383 616 1444 in
639 1383 726 1446 nobis
749 1384 825 1446 haec
847 1401 873 1446 s.
896 1384 1001 1446 Petrus
1025 1382 1186 1462 apostolus,
1221 1385 1272 1465 qui
1294 1383 1324 1444 in
1346 1383 1450 1444 omni-

304 1487 376 1566 bus,
414 1495 447 1550 ut
481 1486 671 1568 confidimus,
713 1488 975 1551 administrationis
1007 1505 1081 1550 suae
1114 1488 1247 1570 protegit
1279 1506 1316 1550 ac
1347 1494 1453 1551 tuetur

303 1591 490 1656 haeredes.“
503 1589 532 1667 ⁸)
578 1594 685 1673 „Sicut
706 1595 800 1677 igitur
822 1613 882 1657 non
904 1594 975 1656 levo
998 1591 1160 1655 discrimen
1182 1592 1327 1655 incumbit
1344 1591 1452 1655 Ponti-

304 1698 420 1777 ficibus,
455 1698 574 1783 siluisse
610 1718 666 1781 pro
700 1698 861 1763 divinitatis
893 1699 974 1762 cubu
1008 1706 1040 1760 et
1067 1698 1218 1760 ccclesiae
1247 1698 1451 1776 correctione,

305 1802 385 1886 quod
407 1806 557 1887 congruit,
581 1805 621 1866 ita
644 1804 701 1880 his,
726 1803 805 1883 quod
828 1802 915 1881 absit,
939 1821 999 1866 non
1022 1801 1177 1866 mediocre
1200 1803 1368 1884 periculum
1392 1811 1450 1883 est,

242 1897 245 1903 ⁵
304 1911 355 1991 qui
378 1929 469 1991 quum
492 1908 623 1971 debeant
642 1924 762 1987 parere,
787 1902 1023 1988 despiciant.“⁴)
1449 1986 1452 1993 ι

410 2016 495 2077 llaec
523 2011 609 2079 Sedis
637 2010 832 2091 Apostolicac
865 2029 980 2075 summa
1014 2009 1182 2086 sollicitudo
1217 2030 1253 2073 ac
1288 2012 1450 2078 dominatio

305 2106 407 2184 autem
441 2118 530 2181 simul
563 2136 619 2198 pro
652 2123 713 2179 tota
747 2118 879 2179 ecclesia
913 2117 1034 2204 maximi
1068 2119 1226 2198 momenti,
1267 2136 1322 2199 pro
1356 2120 1452 2204 rebus

304 2226 442 2289 omnibus
477 2232 509 2286 et
543 2222 680 2286 civilibus
716 2231 747 2285 et
775 2222 990 2307 ecclesiasticis
1017 2221 1083 2283 lere
1111 2224 1287 2285 necessaria
1315 2232 1370 2288 est.
1416 2224 1451 2286 ln

305 2332 371 2412 ipsa
395 2331 475 2392 enim
498 2329 588 2392 totius
605 2328 684 2409 juris
708 2335 739 2390 et
761 2326 864 2390 salutis
887 2327 1024 2408 publicae
1048 2327 1205 2406 securitas,
1235 2336 1330 2393 status
1352 2330 1450 2394 omnis

301 2435 489 2498 incolumitas
517 2450 554 2495 ac
581 2431 777 2494 moderamen
806 2433 951 2495 consistit.
1002 2432 1186 2514 „Privilegia
1215 2436 1245 2498 S,
1274 2433 1324 2514 A,
1353 2437 1403 2515 ait,
1420 2433 1449 2510 ⁵)

302 2542 435 2625 tegmina
469 2546 538 2603 sunt
570 2539 661 2600 totius
689 2537 839 2600 ccclesiae
868 2537 1044 2616 catholicae,
1079 2537 1241 2601 munimina
1269 2548 1338 2602 sunt
1365 2542 1449 2602 circa
1532 2590 1533 2613 ,

303 2665 409 2710 omncs
448 2648 577 2726 impetus
616 2644 837 2724 pravitatum;“
878 2642 984 2704 cadem
1023 2650 1056 2705 ut
1093 2643 1151 2706 alio
1189 2643 1257 2707 loco
1290 2642 1447 2722 scribit,⁰)
1531 2690 1532 2699 ,

303 2752 415 2831 „totius
450 2756 519 2813 sunt
553 2748 664 2809 Christi
696 2747 833 2809 remedia
867 2747 1017 2809 ecclesiae
1050 2747 1226 2827 catholicae,
1264 2755 1332 2811 sunt
1364 2748 1445 2809 Petri

302 2874 385 2918 arma
425 2860 528 2918 contra
562 2869 668 2916 omnes
702 2854 831 2934 impetus
866 2853 1044 2934 pravitatum
1078 2861 1109 2915 ct
1129 2855 1320 2917 ⁴munimenta
1355 2859 1446 2934 atque

303 2963 481 3023 documenta
509 2959 628 3043 Domini
656 2956 847 3022 sacerdotum
876 2965 907 3021 et
936 2958 1095 3021 omnium
1123 2975 1293 3040 prorsus,
1327 2958 1447 3040 quiin

408 3183 432 3249 ¹)
451 3186 516 3254 priv.
537 3183 640 3251 Corbej.
660 3185 691 3251 (l.
712 3203 734 3241 c.
753 3186 830 3251 815).

403 3270 430 3340 ²)
449 3275 514 3342 priv,
535 3274 601 3328 cccl.
619 3273 751 3329 Bellovac.
772 3274 803 3338 (l.
822 3290 846 3327 c.
864 3271 937 3338 813).

404 3358 431 3425 θ)
448 3361 546 3413 Eadem
564 3363 619 3413 tere
634 3361 688 3425 jam
708 3361 815 3413 siricius
833 3361 859 3411 in
878 3376 921 3427 ep.
939 3360 955 3412 1
976 3360 1008 3412 ad
1025 3359 1119 3414 llimer.
1137 3357 1226 3411 babet:
1249 3359 1348 3431 „officii
1365 3360 1446 3413 nostri

302 3447 509 3500 consideratione
532 3462 584 3499 non
609 3454 650 3498 cst
671 3447 745 3498 nobis
771 3447 931 3499 dissimulare
957 3464 1010 3499 non
1033 3454 1074 3500 est
1099 3455 1188 3500 tacere
1210 3446 1324 3512 libertas,
1353 3446 1445 3517 quibus

299 3536 381 3600 maior
399 3535 498 3586 cunctis
512 3531 670 3586 Christianae
686 3533 822 3603 religionis
840 3536 912 3587 zelus
930 3535 1059 3589 incumbit.
1087 3536 1221 3589 Portemus
1233 3550 1313 3588 onera
1324 3534 1445 3597 omnium,

301 3624 343 3690 qai
362 3629 508 3689 gravantur,
527 3622 585 3689 quin
604 3623 681 3674 immo
699 3621 764 3674 baec
782 3632 867 3691 portat
884 3626 910 3675 in
928 3623 1003 3675 nobis
1020 3622 1046 3677 b.
1065 3621 1197 3690 apostolus
1215 3622 1314 3684 Petrus,
1333 3620 1377 3689 qui
1395 3634 1449 3674 nos
1520 3600 1522 3665 1¹

299 3713 325 3761 in
344 3708 470 3774 omnibns,
487 3717 516 3761 ut
533 3709 693 3776 confidimus,
712 3711 935 3764 administrationis
954 3727 1016 3764 suae
1033 3711 1146 3779 protegit
1158 3717 1184 3762 et
1194 3715 1278 3761 tusam
1289 3706 1446 3764 haeredes.“

300 3796 447 3861 (Quotam.
465 3798 564 3870 „Epist
582 3798 655 3853 Rom.
673 3799 784 3853 ronnas*
802 3799 821 3863 l,
840 3797 913 3863 624).

400 3882 426 3953 ⁴)
443 3901 487 3952 epa
504 3884 541 3940 86
559 3886 592 3938 ad
610 3886 684 3941 blicb.
702 3889 762 3956 imp.
781 3887 798 3941 l.
817 3904 840 3941 c.
860 3886 922 3941 959.
957 3887 991 3940 Et
1013 3888 1069 3955 ipsa
1088 3884 1154 3937 baec
1172 3891 1233 3936 sunt
1251 3883 1331 3937 verba
1350 3883 1445 3937 Gelasii

298 3975 329 4026 ad
348 3974 436 4028 Anast.
454 3974 569 4041 imperat
588 3974 680 4038 (Hasd.
697 3975 728 4029 ll.
746 3974 823 4039 893).

401 4058 427 4123 5)
450 4077 491 4129 ap.
509 4060 545 4117 85
559 4063 602 4115 ad
621 4078 703 4130 oppos
722 4078 780 4128 syn.
799 4061 937 4115 Silvancct
958 4058 989 4123 (l.
1008 4075 1032 4115 c.
1050 4060 1127 4124 882),
1147 4061 1180 4116 cl.
1199 4075 1242 4127 ep,
1261 4059 1296 4114 98
1315 4059 1347 4110 ad
1369 4057 1444 4110 blicis

295 4150 355 4218 imp.
375 4149 406 4214 (l.
426 4166 449 4203 c.
468 4138 561 4214 toas),
580 4165 622 4217 ep.
641 4147 694 4202 104
712 4147 745 4200 ad
763 4145 832 4202 Cler.
850 4146 889 4201 Gt
908 4146 940 4211 (l.
959 4162 983 4201 c.
1002 4147 1093 4214 1070).
1144 4180 1147 4187 ·

399 4236 426 4301 8)
445 4255 486 4305 ep.
504 4235 539 4290 36
559 4236 593 4293 ad
610 4235 667 4289 Car.
687 4234 759 4291 Calv.
779 4235 810 4300 tl.
830 4251 853 4290 c.
871 4233 949 4299 836).
1081 4255 1084 4261 ·
