3084 4838
679 292 702 379 ’1

106 521 226 599 ibique
249 521 315 583 ueri
339 518 460 582 consilli
489 517 686 580 saluberrima
715 517 854 580 instituta
882 514 1258 599 sinceriter‘harlriamua

108 613 172 690 ubi
189 611 339 690 'Ch'ristus
363 607 592 687 tundamentum
616 621 769 684 ccclesiae
794 624 914 703 posuit“
938 619 1106 707 (Hardouin
1130 624 1149 687 l.
1174 643 1201 688 c.
1223 625 1259 688 V.

112 730 209 810 502).
256 729 400 793 Similiter
428 736 579 792 testantur
607 746 674 810 syn.
697 728 784 791 hom.
815 746 843 793 a.
867 727 931 791 853
965 729 1001 807 (1.
1032 746 1059 791 c.
1083 725 1155 809 te),
1190 748 1258 814 syn,

111 837 229 902 suess.
254 835 305 913 m,
334 852 359 897 a.
388 832 463 905 soe.
493 815 540 917 (ἐρ.
571 834 609 896 an
638 834 704 896 nro.
740 834 776 910 (t.
799 852 826 896 c.
851 832 946 914 eat),
981 816 1048 916 sy'n.
1073 824 1206 898 narcass.
1231 854 1259 898 a.

113 940 198 1003 867.
222 946 270 1020 ep.
293 941 330 1001 nd
352 941 418 1005 Nic.
443 941 478 1016 (1.
503 958 530 1003 e.
555 940 648 1013 68l).
1102 1024 1105 1027 ,

227 1032 291 1107 Nec
319 1065 381 1108 non
412 1046 502 1109 iactis
532 1045 596 1107 suis
627 1062 735 1106 omnes
757 1057 806 1106 'ex
834 1043 964 1106 diversis
994 1044 1078 1107 orbis
1102 1044 1260 1108 christiani

114 1150 257 1230 partibus
281 1152 418 1215 Pontilisi
442 1151 578 1213 Romano
603 1166 751 1212 summam
783 1155 815 1211 ct
839 1151 1042 1212 universalem
1062 1150 1261 1231 Jurisdietie-

113 1272 190 1317 nem
214 1274 288 1318 esse
305 1257 481 1337 probarunt.
504 1256 547 1317 lta
563 1257 731 1336 imperator
746 1244 1101 1335 constantinopolitanus
1116 1274 1187 1318 cum
1203 1274 1260 1336 pro

115 1360 329 1423 confirmanda
344 1363 454 1446 ignatii
479 1340 673 1442 depositione
698 1367 730 1422 et
746 1359 844 1422 Photii
868 1360 1033 1440 electione,
1056 1360 1180 1443 Bulgari
1202 1378 1260 1441 pro

116 1466 276 1529 mittendis
300 1468 453 1548 evangelii
482 1466 762 1547 praedicatoribus,
794 1465 929 1529 Britanni
957 1482 1013 1546 pro
1042 1465 1260 1528 constituendo

115 1572 152 1632 in
186 1573 324 1651 ipsorum
354 1579 440 1641 ,terra
474 1573 598 1651 proprio
634 1571 869 1651 metropolitano
921 1571 1004 1647 (Nic.
1039 1574 1088 1652 ep.
1124 1556 1183 1661 91,
1217 1568 1260 1633 92

118 1675 161 1737 111.
191 1662 248 1737 col.
277 1675 342 1736 969
371 1680 444 1753 ss),
479 1676 561 1737 multi
591 1695 632 1737 ex
664 1677 795 1737 diversis
823 1676 1005 1758 regionibus
1035 1677 1174 1756 episcopi
1201 1692 1258 1756 pro

118 1780 303 1843 decidendis
332 1782 412 1843 c'irca
443 1781 611 1843 doctrinam
641 1788 673 1842 et
701 1780 889 1860 disciplinam
919 1780 1030 1859 dubiis,
1043 1779 1064 1860 ¹)
1105 1781 1259 1843 innumeri

121 1885 265 1948 homines
288 1869 344 1968 pro
368 1907 459 1950 omne
484 1902 585 1970 genus
609 1888 715 1969 gratiis
733 1886 908 1948 obtinendis
932 1892 964 1948 ct
981 1905 1082 1949 coram
1104 1894 1135 1949 et
1149 1887 1258 1949 litteris

117 1988 290 2072 adibant.²)
336 1976 454 2067 Quibus
484 1993 628 2056 omnibus
658 1993 824 2070 evincitur,
858 1991 1015 2054 Nicolaum
1045 2012 1086 2054 ex
1113 2008 1169 2055 sua
1195 2009 1259 2053 non

120 2130 333 2144 b————

157 2184 182 2249 ¹)
202 2183 233 2237 Ut
261 2200 292 2237 ex
318 2183 416 2239 Nicolai
443 2184 577 2251 responsis
605 2189 696 2247 exstat,
721 2198 778 2235 euna
799 2201 841 2237 ex.
858 2199 897 2252 gr.
921 2182 1037 2235 adierunt
1059 2183 1148 2250 Venilo
1171 2182 1258 2235 archi·

119 2273 259 2342 episcopus
271 2272 436 2325 Senooenstr
455 2272 488 2324 de
506 2271 666 2324 removendo
685 2272 809 2338 episcopo
827 2272 917 2322 insano
936 2270 1048 2334 (ciliis.
1059 2288 1099 2339 ep.
1112 2273 1135 2327 1.
1150 2271 1191 2321 ed.
1201 2271 1259 2337 hh),

122 2360 203 2412 Gallio
223 2360 344 2410 Senensis
363 2359 572 2426 archiepiscopus
593 2360 625 2410 de
644 2359 814 2426 appellatione
832 2358 976 2426 presbyteri
995 2358 1028 2409 ad
1047 2358 1073 2413 S.
1091 2359 1121 2410 Α.
1142 2357 1193 2427 (cp.
1205 2358 1260 2424 70),

120 2447 269 2500 llantlridus
295 2463 316 2499 s.
335 2444 469 2498 Guiircdus
490 2447 642 2499 hlorinensis
665 2450 804 2515 episcopus
828 2446 860 2497 de
883 2447 1056 2514 resignatione
1080 2463 1126 2506 sua
1149 2446 1201 2515 (ep.
1226 2447 1258 2511 9)

122 2545 148 2588 et
165 2543 255 2603 postea
274 2534 306 2585 de
325 2535 481 2601 poenitentia
498 2533 642 2600 presbyteri
663 2536 719 2602 (ep.
732 2535 803 2601 134),
820 2535 878 2586 Ado
887 2535 1039 2586 Viennensis
1050 2535 1259 2602 archiepiscopus

122 2625 155 2676 de
183 2624 291 2675 diversis
318 2623 396 2673 rebus
424 2621 574 2689 disciplinae
602 2622 795 2674 ecclesiasticae
830 2621 883 2689 (ep.
909 2623 952 2685 59,
975 2621 1018 2685 69,
1043 2622 1119 2686 118),
1152 2620 1259 2674 Carolus

119 2712 282 2780 ldoguntinus
302 2709 410 2778 ejusque
429 2710 582 2777 suffraganei
602 2711 633 2761 de
653 2711 803 2779 quibusdam
823 2713 908 2763 causis
923 2710 1096 2776 judicialibus,
1124 2710 1157 2761 de
1174 2712 1259 2778 impe·

120 2801 233 2859 dimonte
253 2799 477 2866 consanguinitatis
496 2804 523 2847 et
545 2796 580 2848 'de
598 2798 701 2866 publica
718 2801 876 2866 poenitentia
893 2798 948 2867 (ep.
968 2799 1011 2862 26,
1028 2794 1099 2864 27),
1122 2799 1259 2855 norbanus

41 2894 47 2905 '
122 2886 323 2939 Cenomanensis
345 2887 483 2955 episcopus
507 2885 540 2936 oh
566 2887 673 2939 dissidia
696 2887 821 2954 quaedam
843 2888 877 2939 de
895 2888 1074 2952 jurisdictione
1102 2903 1148 2940 aaa
1171 2895 1260 2939 exorta

122 2975 178 3041 (ep.
202 2972 261 3035 51),
294 2970 442 3037 liudulphus
469 2972 635 3027 Biturioensis
663 2973 871 3041 archiepiscopus
908 2975 940 3026 de
972 2974 1091 3026 diversis
1110 2974 1259 3042 disciplinae

122 3061 315 3114 ecclesiasticae
334 3059 419 3109 causis
439 3061 495 3124 (ep.
514 3058 572 3122 66),
608 3059 734 3111 Arduicus
757 3060 968 3113 vesontionensis
992 3062 1024 3113 de
1049 3062 1159 3115 diversis
1180 3063 1259 3114 rebus

120 3146 349 3203 matrimonialibus
364 3155 391 3198 et
404 3133 626 3214 poenitentialibus
646 3152 702 3215 (ep.
712 3148 771 3213 82),
789 3148 1128 3218 FrotariusBurdigalensis,
1146 3151 1259 3203 loannes

121 3239 255 3289 Ravennae
274 3243 300 3285 et
316 3234 467 3285 Adalwinus
485 3234 647 3287 Juvaviensis
671 3235 703 3286 de
729 3236 805 3286 certis
830 3237 931 3287 casibus
953 3237 1185 3303 poenitentialibus,
1202 3255 1259 3293 ma-

91 3306 100 3318 ·
122 3323 304 3375 trimonielibus
323 3332 349 3374 et
367 3321 516 3373 monialibus
536 3321 588 3389 (ep.
607 3322 819 3389 122,124,125),
838 3322 906 3373 idem
923 3322 1084 3375 Juvavtensis
1103 3323 1135 3374 de
1154 3325 1260 3393 episce-

55 3411 68 3423 '
122 3412 162 3479 pis
200 3417 225 3460 ct
262 3409 363 3461 clericis
398 3410 587 3477 aegrotantibus
626 3414 683 3479 (eps
708 3411 768 3475 126,
797 3410 872 3476 128),
910 3410 1030 3463 Salomon
1058 3407 1259 3465 constantiensis

123 3500 261 3567 episcopus
281 3497 313 3546 de
328 3496 427 3560 judicio
446 3497 603 3564 presbyteri,
627 3501 660 3550 de
679 3499 832 3567 cognatione
851 3500 973 3565 spirituali
998 3507 1023 3550 ct
1047 3499 1079 3549 de
1103 3489 1260 3568 poenltentia

119 3590 178 3655 (ep.
198 3587 259 3649 129,
280 3583 339 3647 130,
359 3582 430 3647 131),
453 3584 584 3638 ›Osbaltlus
609 3587 811 3655 chorepiscopus
835 3586 1023 3649 Quadrantinus
1048 3588 1081 3639 tle
1104 3591 1261 3657 poenitentia

120 3674 274 3727 clerieomm
294 3675 349 3740 (ep.
370 3670 525 3734 188189).

158 3763 184 3824 ²)
204 3762 287 3829 Saepe
309 3760 431 3813 Nicolaus
454 3771 648 3826 commemoret,
674 3746 822 3814 innumeros
844 3777 878 3812 ex
900 3761 1016 3814 omnibus
1039 3765 1124 3816 mundi
1146 3765 1259 3833 partibus

124 3845 239 3899 homines
257 3850 362 3903 hemam
381 3846 520 3913 continere,
538 3857 566 3899 ut
582 3849 617 3900 ibi
637 3849 814 3900 remissionem
833 3857 998 3916 peccatorum
1022 3862 1064 3904 aut
1086 3853 1147 3906 allas
1166 3855 1260 3922 gratias

122 3934 269 4003 spirituales
291 3939 435 3989 invenirent
463 3937 510 4000 (cl.
530 3937 584 3988 Nic.
602 3953 644 4004 ep.
671 3937 715 4000 22,
735 3935 781 3999 23,
806 3935 866 4002 136,
889 3936 1027 4004 ituree,
1047 3939 1122 4004 158).
1159 3939 1211 3992 Sed
1235 3947 1261 3990 et

122 4023 222 4074 liberae
248 4023 328 4089 ipsius
356 4024 412 4088 ejus
438 4026 477 4076 rei
504 4025 581 4079 multa
609 4025 731 4093 specialia
759 4025 912 4079 documenta
939 4025 1065 4079 exhibent.
1102 4027 1138 4078 lta
1165 4026 1259 4080 ‹tiverst

123 4111 284 4178 poenitentes
302 4110 421 4178 gravibus
440 4114 581 4166 sceleribus
605 4114 719 4166 obstricti
744 4112 774 4165 ab
800 4128 831 4164 ee
854 4113 980 4166 medelam
1005 4111 1147 4183 quaesiisse
1165 4128 1260 4166 reeen-

124 4205 211 4251 senttu·
228 4198 254 4251 in
272 4197 594 4267 ep.116,119,133,136.
617 4201 756 4254 Balduinus
775 4217 863 4255 eomes
881 4217 939 4255 eom
958 4203 1019 4255 adiit
1037 4215 1084 4269 pro
1103 4201 1261 4270 impetranda
